[{"ts": 1764640180.66, "symbol": "KRW-BTC", "price": 129516000.0, "size": 8.256e-05, "side": "BID"}, {"ts": 1764640181.544, "symbol": "KRW-BTC", "price": 129513000.0, "size": 0.00203103, "side": "ASK"}, {"ts": 1764640181.875, "symbol": "KRW-ETH", "price": 4184000.0, "size": 0.01195028, "side": "ASK"}, {"ts": 1764640181.877, "symbol": "KRW-ETH", "price": 4184000.0, "size": 0.00239005, "side": "ASK"}, {"ts": 1764640181.877, "symbol": "KRW-ETH", "price": 4184000.0, "size": 0.00239005, "side": "ASK"}, {"ts": 1764640181.877, "symbol": "KRW-ETH", "price": 4184000.0, "size": 0.02388862, "side": "ASK"}, {"ts": 1764640181.877, "symbol": "KRW-ETH", "price": 4184000.0, "size": 0.02390057, "side": "ASK"}, {"ts": 1764640181.877, "symbol": "KRW-ETH", "price": 4184000.0, "size": 0.00239005, "side": "ASK"}, {"ts": 1764640181.877, "symbol": "KRW-ETH", "price": 4184000.0, "size": 0.11289725, "side": "ASK"}, {"ts": 1764640182.745, "symbol": "KRW-XRP", "price": 3027.0, "size": 13.43417147, "side": "ASK"}, {"ts": 1764640182.746, "symbol": "KRW-XRP", "price": 3027.0, "size": 22.64108099, "side": "ASK"}, {"ts": 1764640183.067, "symbol": "KRW-XRP", "price": 3027.0, "size": 43.43093751, "side": "ASK"}, {"ts": 1764640183.069, "symbol": "KRW-XRP", "price": 3027.0, "size": 20.0, "side": "ASK"}, {"ts": 1764640183.069, "symbol": "KRW-XRP", "price": 3027.0, "size": 185.79658077, "side": "ASK"}, {"ts": 1764640183.069, "symbol": "KRW-XRP", "price": 3027.0, "size": 40.1948637, "side": "ASK"}, {"ts": 1764640183.915, "symbol": "KRW-SOL", "price": 192000.0, "size": 0.02604687, "side": "ASK"}, {"ts": 1764640183.917, "symbol": "KRW-SOL", "price": 192000.0, "size": 0.05208333, "side": "ASK"}, {"ts": 1764640183.917, "symbol": "KRW-SOL", "price": 192000.0, "size": 0.96353647, "side": "ASK"}, {"ts": 1764640184.313, "symbol": "KRW-XRP", "price": 3028.0, "size": 454.50858652, "side": "BID"}, {"ts": 1764640184.316, "symbol": "KRW-BTC", "price": 129516000.0, "size": 4.632e-05, "side": "BID"}, {"ts": 1764640185.008, "symbol": "KRW-ETH", "price": 4185000.0, "size": 0.00131421, "side": "BID"}, {"ts": 1764640185.009, "symbol": "KRW-ETH", "price": 4184000.0, "size": 0.18307976, "side": "ASK"}, {"ts": 1764640185.009, "symbol": "KRW-ETH", "price": 4184000.0, "size": 0.3, "side": "ASK"}, {"ts": 1764640185.009, "symbol": "KRW-ETH", "price": 4184000.0, "size": 0.01195028, "side": "ASK"}, {"ts": 1764640185.009, "symbol": "KRW-ETH", "price": 4184000.0, "size": 0.23900573, "side": "ASK"}, {"ts": 1764640185.009, "symbol": "KRW-ETH", "price": 4184000.0, "size": 0.04842184, "side": "ASK"}, {"ts": 1764640185.009, "symbol": "KRW-ETH", "price": 4184000.0, "size": 0.005, "side": "ASK"}, {"ts": 1764640185.009, "symbol": "KRW-ETH", "price": 4184000.0, "size": 0.03585086, "side": "ASK"}, {"ts": 1764640185.009, "symbol": "KRW-ETH", "price": 4184000.0, "size": 0.47801147, "side": "ASK"}, {"ts": 1764640185.009, "symbol": "KRW-ETH", "price": 4184000.0, "size": 0.14503982, "side": "ASK"}, {"ts": 1764640185.009, "symbol": "KRW-ETH", "price": 4184000.0, "size": 0.18235342, "side": "ASK"}, {"ts": 1764640185.01, "symbol": "KRW-ETH", "price": 4184000.0, "size": 0.00717017, "side": "ASK"}, {"ts": 1764640185.01, "symbol": "KRW-ETH", "price": 4184000.0, "size": 0.01493941, "side": "ASK"}, {"ts": 1764640185.01, "symbol": "KRW-ETH", "price": 4184000.0, "size": 0.54695523, "side": "ASK"}, {"ts": 1764640185.228, "symbol": "KRW-ETH", "price": 4185000.0, "size": 0.00426899, "side": "BID"}, {"ts": 1764640185.489, "symbol": "KRW-ETH", "price": 4184000.0, "size": 0.07192352, "side": "ASK"}, {"ts": 1764640185.681, "symbol": "KRW-BTC", "price": 129516000.0, "size": 0.00021205, "side": "BID"}, {"ts": 1764640186.085, "symbol": "KRW-BTC", "price": 129515000.0, "size": 0.00772111, "side": "ASK"}, {"ts": 1764640186.086, "symbol": "KRW-BTC", "price": 129513000.0, "size": 0.00587802, "side": "ASK"}, {"ts": 1764640186.086, "symbol": "KRW-BTC", "price": 129513000.0, "size": 0.00054047, "side": "ASK"}, {"ts": 1764640186.086, "symbol": "KRW-BTC", "price": 129509000.0, "size": 0.01544294, "side": "ASK"}, {"ts": 1764640186.086, "symbol": "KRW-BTC", "price": 129509000.0, "size": 0.00386073, "side": "ASK"}, {"ts": 1764640186.086, "symbol": "KRW-BTC", "price": 129501000.0, "size": 0.00077219, "side": "ASK"}, {"ts": 1764640186.095, "symbol": "KRW-BTC", "price": 129501000.0, "size": 0.00077219, "side": "ASK"}, {"ts": 1764640186.095, "symbol": "KRW-BTC", "price": 129501000.0, "size": 0.00038606, "side": "ASK"}, {"ts": 1764640186.095, "symbol": "KRW-BTC", "price": 129501000.0, "size": 0.00061852, "side": "ASK"}, {"ts": 1764640186.095, "symbol": "KRW-BTC", "price": 129501000.0, "size": 0.00231658, "side": "ASK"}, {"ts": 1764640186.095, "symbol": "KRW-BTC", "price": 129501000.0, "size": 0.00077219, "side": "ASK"}, {"ts": 1764640186.095, "symbol": "KRW-BTC", "price": 129500000.0, "size": 0.01830875, "side": "ASK"}, {"ts": 1764640186.095, "symbol": "KRW-BTC", "price": 129500000.0, "size": 3.938e-05, "side": "ASK"}, {"ts": 1764640186.095, "symbol": "KRW-BTC", "price": 129500000.0, "size": 0.0001, "side": "ASK"}, {"ts": 1764640186.095, "symbol": "KRW-BTC", "price": 129500000.0, "size": 0.03857142, "side": "ASK"}, {"ts": 1764640186.095, "symbol": "KRW-BTC", "price": 129500000.0, "size": 0.007722, "side": "ASK"}, {"ts": 1764640186.095, "symbol": "KRW-BTC", "price": 129500000.0, "size": 7.722e-05, "side": "ASK"}, {"ts": 1764640186.095, "symbol": "KRW-BTC", "price": 129500000.0, "size": 0.000354, "side": "ASK"}, {"ts": 1764640186.095, "symbol": "KRW-BTC", "price": 129500000.0, "size": 7.658e-05, "side": "ASK"}, {"ts": 1764640186.095, "symbol": "KRW-BTC", "price": 129500000.0, "size": 0.00384615, "side": "ASK"}, {"ts": 1764640186.095, "symbol": "KRW-BTC", "price": 129500000.0, "size": 0.00771886, "side": "ASK"}, {"ts": 1764640186.096, "symbol": "KRW-BTC", "price": 129500000.0, "size": 0.00042896, "side": "ASK"}, {"ts": 1764640186.096, "symbol": "KRW-BTC", "price": 129500000.0, "size": 0.003861, "side": "ASK"}, {"ts": 1764640186.096, "symbol": "KRW-BTC", "price": 129500000.0, "size": 7.722e-05, "side": "ASK"}, {"ts": 1764640186.096, "symbol": "KRW-BTC", "price": 129500000.0, "size": 0.003861, "side": "ASK"}, {"ts": 1764640186.096, "symbol": "KRW-BTC", "price": 129500000.0, "size": 0.0003861, "side": "ASK"}, {"ts": 1764640186.096, "symbol": "KRW-BTC", "price": 129500000.0, "size": 0.02316602, "side": "ASK"}, {"ts": 1764640186.096, "symbol": "KRW-BTC", "price": 129500000.0, "size": 7.722e-05, "side": "ASK"}, {"ts": 1764640186.096, "symbol": "KRW-BTC", "price": 129500000.0, "size": 0.0034749, "side": "ASK"}, {"ts": 1764640186.097, "symbol": "KRW-BTC", "price": 129500000.0, "size": 3.899e-05, "side": "ASK"}, {"ts": 1764640186.097, "symbol": "KRW-BTC", "price": 129500000.0, "size": 0.00100727, "side": "ASK"}, {"ts": 1764640186.097, "symbol": "KRW-BTC", "price": 129500000.0, "size": 0.00221359, "side": "ASK"}, {"ts": 1764640186.097, "symbol": "KRW-BTC", "price": 129500000.0, "size": 0.001, "side": "ASK"}, {"ts": 1764640186.097, "symbol": "KRW-BTC", "price": 129500000.0, "size": 0.00010028, "side": "ASK"}, {"ts": 1764640186.097, "symbol": "KRW-BTC", "price": 129500000.0, "size": 0.007722, "side": "ASK"}, {"ts": 1764640186.097, "symbol": "KRW-BTC", "price": 129500000.0, "size": 0.01158301, "side": "ASK"}, {"ts": 1764640186.097, "symbol": "KRW-BTC", "price": 129500000.0, "size": 0.003861, "side": "ASK"}, {"ts": 1764640186.097, "symbol": "KRW-BTC", "price": 129500000.0, "size": 0.0015444, "side": "ASK"}, {"ts": 1764640186.097, "symbol": "KRW-BTC", "price": 129500000.0, "size": 0.001, "side": "ASK"}, {"ts": 1764640186.097, "symbol": "KRW-BTC", "price": 129500000.0, "size": 0.00771814, "side": "ASK"}, {"ts": 1764640186.097, "symbol": "KRW-BTC", "price": 129500000.0, "size": 3.862e-05, "side": "ASK"}, {"ts": 1764640186.097, "symbol": "KRW-BTC", "price": 129500000.0, "size": 4.055e-05, "side": "ASK"}, {"ts": 1764640186.097, "symbol": "KRW-BTC", "price": 129500000.0, "size": 0.013, "side": "ASK"}, {"ts": 1764640186.097, "symbol": "KRW-BTC", "price": 129500000.0, "size": 0.01, "side": "ASK"}, {"ts": 1764640186.097, "symbol": "KRW-BTC", "price": 129500000.0, "size": 0.0015444, "side": "ASK"}, {"ts": 1764640186.097, "symbol": "KRW-BTC", "price": 129500000.0, "size": 0.03, "side": "ASK"}, {"ts": 1764640186.097, "symbol": "KRW-BTC", "price": 129500000.0, "size": 0.0007722, "side": "ASK"}, {"ts": 1764640186.097, "symbol": "KRW-BTC", "price": 129500000.0, "size": 0.002, "side": "ASK"}, {"ts": 1764640186.097, "symbol": "KRW-BTC", "price": 129500000.0, "size": 0.00046416, "side": "ASK"}, {"ts": 1764640186.097, "symbol": "KRW-BTC", "price": 129500000.0, "size": 0.0057915, "side": "ASK"}, {"ts": 1764640186.097, "symbol": "KRW-BTC", "price": 129500000.0, "size": 5.405e-05, "side": "ASK"}, {"ts": 1764640186.097, "symbol": "KRW-BTC", "price": 129500000.0, "size": 0.0007722, "side": "ASK"}, {"ts": 1764640186.097, "symbol": "KRW-BTC", "price": 129500000.0, "size": 0.00023166, "side": "ASK"}, {"ts": 1764640186.097, "symbol": "KRW-BTC", "price": 129500000.0, "size": 0.0003861, "side": "ASK"}, {"ts": 1764640186.097, "symbol": "KRW-BTC", "price": 129500000.0, "size": 0.003861, "side": "ASK"}, {"ts": 1764640186.097, "symbol": "KRW-BTC", "price": 129500000.0, "size": 0.0007722, "side": "ASK"}, {"ts": 1764640186.097, "symbol": "KRW-BTC", "price": 129500000.0, "size": 0.0003861, "side": "ASK"}, {"ts": 1764640186.097, "symbol": "KRW-BTC", "price": 129500000.0, "size": 0.00447652, "side": "ASK"}, {"ts": 1764640186.097, "symbol": "KRW-BTC", "price": 129500000.0, "size": 0.0015444, "side": "ASK"}, {"ts": 1764640186.097, "symbol": "KRW-BTC", "price": 129500000.0, "size": 0.0004, "side": "ASK"}, {"ts": 1764640186.097, "symbol": "KRW-BTC", "price": 129500000.0, "size": 4.44e-05, "side": "ASK"}, {"ts": 1764640186.097, "symbol": "KRW-BTC", "price": 129500000.0, "size": 0.0003861, "side": "ASK"}, {"ts": 1764640186.097, "symbol": "KRW-BTC", "price": 129500000.0, "size": 7.722e-05, "side": "ASK"}, {"ts": 1764640186.097, "symbol": "KRW-BTC", "price": 129500000.0, "size": 7.722e-05, "side": "ASK"}, {"ts": 1764640186.098, "symbol": "KRW-BTC", "price": 129500000.0, "size": 0.00030888, "side": "ASK"}, {"ts": 1764640186.098, "symbol": "KRW-BTC", "price": 129500000.0, "size": 0.00077188, "side": "ASK"}, {"ts": 1764640186.098, "symbol": "KRW-BTC", "price": 129500000.0, "size": 0.0007722, "side": "ASK"}, {"ts": 1764640186.098, "symbol": "KRW-BTC", "price": 129500000.0, "size": 0.003, "side": "ASK"}, {"ts": 1764640186.098, "symbol": "KRW-BTC", "price": 129500000.0, "size": 0.0003861, "side": "ASK"}, {"ts": 1764640186.098, "symbol": "KRW-BTC", "price": 129500000.0, "size": 0.0007722, "side": "ASK"}, {"ts": 1764640186.098, "symbol": "KRW-BTC", "price": 129500000.0, "size": 0.0023166, "side": "ASK"}, {"ts": 1764640186.098, "symbol": "KRW-BTC", "price": 129500000.0, "size": 0.00072525, "side": "ASK"}, {"ts": 1764640186.098, "symbol": "KRW-BTC", "price": 129500000.0, "size": 0.00343364, "side": "ASK"}, {"ts": 1764640186.098, "symbol": "KRW-BTC", "price": 129500000.0, "size": 0.00077187, "side": "ASK"}, {"ts": 1764640186.098, "symbol": "KRW-BTC", "price": 129500000.0, "size": 0.0012, "side": "ASK"}, {"ts": 1764640186.098, "symbol": "KRW-BTC", "price": 129500000.0, "size": 0.00048219, "side": "ASK"}, {"ts": 1764640186.098, "symbol": "KRW-BTC", "price": 129499000.0, "size": 0.00192955, "side": "ASK"}, {"ts": 1764640186.098, "symbol": "KRW-BTC", "price": 129499000.0, "size": 0.00077186, "side": "ASK"}, {"ts": 1764640186.098, "symbol": "KRW-BTC", "price": 129497000.0, "size": 0.01544043, "side": "ASK"}, {"ts": 1764640186.098, "symbol": "KRW-BTC", "price": 129495000.0, "size": 0.0077223, "side": "ASK"}, {"ts": 1764640186.098, "symbol": "KRW-BTC", "price": 129495000.0, "size": 7.722e-05, "side": "ASK"}, {"ts": 1764640186.098, "symbol": "KRW-BTC", "price": 129495000.0, "size": 7.722e-05, "side": "ASK"}, {"ts": 1764640186.098, "symbol": "KRW-BTC", "price": 129492000.0, "size": 0.00270152, "side": "ASK"}, {"ts": 1764640186.098, "symbol": "KRW-BTC", "price": 129492000.0, "size": 0.38573831, "side": "ASK"}, {"ts": 1764640186.098, "symbol": "KRW-BTC", "price": 129485000.0, "size": 7.722e-05, "side": "ASK"}, {"ts": 1764640186.098, "symbol": "KRW-BTC", "price": 129484000.0, "size": 0.02317997, "side": "ASK"}, {"ts": 1764640186.098, "symbol": "KRW-BTC", "price": 129484000.0, "size": 7.722e-05, "side": "ASK"}, {"ts": 1764640186.098, "symbol": "KRW-BTC", "price": 129484000.0, "size": 0.09081275, "side": "ASK"}, {"ts": 1764640186.192, "symbol": "KRW-ETH", "price": 4185000.0, "size": 0.00131421, "side": "BID"}, {"ts": 1764640186.643, "symbol": "KRW-XRP", "price": 3027.0, "size": 113.38741354, "side": "ASK"}, {"ts": 1764640186.644, "symbol": "KRW-XRP", "price": 3027.0, "size": 165.18004625, "side": "ASK"}, {"ts": 1764640186.644, "symbol": "KRW-XRP", "price": 3027.0, "size": 85.6723934, "side": "ASK"}, {"ts": 1764640186.644, "symbol": "KRW-XRP", "price": 3027.0, "size": 61.48926329, "side": "ASK"}, {"ts": 1764640186.644, "symbol": "KRW-XRP", "price": 3027.0, "size": 22.81608853, "side": "ASK"}, {"ts": 1764640186.644, "symbol": "KRW-XRP", "price": 3026.0, "size": 212.39332771, "side": "ASK"}, {"ts": 1764640187.256, "symbol": "KRW-ETH", "price": 4184000.0, "size": 0.00131296, "side": "ASK"}, {"ts": 1764640188.361, "symbol": "KRW-ETH", "price": 4184000.0, "size": 0.00107709, "side": "ASK"}, {"ts": 1764640188.362, "symbol": "KRW-ETH", "price": 4184000.0, "size": 0.00023587, "side": "ASK"}, {"ts": 1764640188.482, "symbol": "KRW-ETH", "price": 4184000.0, "size": 0.02365899, "side": "ASK"}, {"ts": 1764640188.483, "symbol": "KRW-ETH", "price": 4184000.0, "size": 0.00262906, "side": "ASK"}, {"ts": 1764640188.563, "symbol": "KRW-ETH", "price": 4184000.0, "size": 0.37, "side": "BID"}, {"ts": 1764640188.702, "symbol": "KRW-ETH", "price": 4184000.0, "size": 0.11759311, "side": "BID"}, {"ts": 1764640188.704, "symbol": "KRW-ETH", "price": 4185000.0, "size": 0.08230689, "side": "BID"}, {"ts": 1764640189.114, "symbol": "KRW-SOL", "price": 192000.0, "size": 0.52083334, "side": "ASK"}, {"ts": 1764640189.819, "symbol": "KRW-BTC", "price": 129515000.0, "size": 0.00385862, "side": "ASK"}, {"ts": 1764640190.181, "symbol": "KRW-BTC", "price": 129513000.0, "size": 7.225e-05, "side": "ASK"}, {"ts": 1764640190.86, "symbol": "KRW-XRP", "price": 3026.0, "size": 400.0, "side": "ASK"}, {"ts": 1764640190.901, "symbol": "KRW-XRP", "price": 3026.0, "size": 375.26141279, "side": "ASK"}, {"ts": 1764640190.98, "symbol": "KRW-XRP", "price": 3026.0, "size": 464.37886767, "side": "ASK"}, {"ts": 1764640191.152, "symbol": "KRW-ETH", "price": 4185000.0, "size": 0.03159593, "side": "BID"}, {"ts": 1764640192.286, "symbol": "KRW-SOL", "price": 192000.0, "size": 10.38028701, "side": "ASK"}, {"ts": 1764640192.29, "symbol": "KRW-BTC", "price": 129513000.0, "size": 0.00069987, "side": "ASK"}, {"ts": 1764640192.291, "symbol": "KRW-BTC", "price": 129501000.0, "size": 0.0106038, "side": "ASK"}, {"ts": 1764640193.476, "symbol": "KRW-BTC", "price": 129501000.0, "size": 0.00097928, "side": "ASK"}, {"ts": 1764640193.477, "symbol": "KRW-BTC", "price": 129500000.0, "size": 0.0003861, "side": "ASK"}, {"ts": 1764640193.478, "symbol": "KRW-BTC", "price": 129500000.0, "size": 0.00192954, "side": "ASK"}, {"ts": 1764640193.478, "symbol": "KRW-BTC", "price": 129484000.0, "size": 0.0028177, "side": "ASK"}, {"ts": 1764640193.652, "symbol": "KRW-SOL", "price": 192000.0, "size": 1.03898154, "side": "ASK"}, {"ts": 1764640193.978, "symbol": "KRW-BTC", "price": 129484000.0, "size": 0.05, "side": "ASK"}, {"ts": 1764640193.979, "symbol": "KRW-BTC", "price": 129501000.0, "size": 0.0472, "side": "BID"}, {"ts": 1764640194.447, "symbol": "KRW-ETH", "price": 4185000.0, "size": 0.02408602, "side": "BID"}, {"ts": 1764640194.705, "symbol": "KRW-BTC", "price": 129501000.0, "size": 0.03862923, "side": "BID"}, {"ts": 1764640194.837, "symbol": "KRW-XRP", "price": 3027.0, "size": 309.18666864, "side": "ASK"}, {"ts": 1764640194.838, "symbol": "KRW-XRP", "price": 3027.0, "size": 5.0, "side": "ASK"}, {"ts": 1764640194.838, "symbol": "KRW-XRP", "price": 3026.0, "size": 1386.66702313, "side": "ASK"}, {"ts": 1764640195.351, "symbol": "KRW-BTC", "price": 129501000.0, "size": 3.861e-05, "side": "BID"}, {"ts": 1764640196.023, "symbol": "KRW-XRP", "price": 3026.0, "size": 158.66884145, "side": "ASK"}, {"ts": 1764640196.024, "symbol": "KRW-XRP", "price": 3026.0, "size": 99.56138466, "side": "ASK"}, {"ts": 1764640196.024, "symbol": "KRW-XRP", "price": 3026.0, "size": 8.11760819, "side": "ASK"}, {"ts": 1764640196.024, "symbol": "KRW-XRP", "price": 3026.0, "size": 3.3025099, "side": "ASK"}, {"ts": 1764640196.024, "symbol": "KRW-XRP", "price": 3026.0, "size": 328.91589557, "side": "ASK"}, {"ts": 1764640196.024, "symbol": "KRW-XRP", "price": 3026.0, "size": 660.6082286, "side": "ASK"}, {"ts": 1764640196.025, "symbol": "KRW-XRP", "price": 3026.0, "size": 100.0, "side": "ASK"}, {"ts": 1764640196.025, "symbol": "KRW-XRP", "price": 3026.0, "size": 1109.93807728, "side": "ASK"}, {"ts": 1764640196.352, "symbol": "KRW-BTC", "price": 129501000.0, "size": 7.721e-05, "side": "BID"}, {"ts": 1764640197.187, "symbol": "KRW-XRP", "price": 3026.0, "size": 541.58249422, "side": "ASK"}, {"ts": 1764640197.188, "symbol": "KRW-XRP", "price": 3026.0, "size": 307.85726302, "side": "ASK"}, {"ts": 1764640197.328, "symbol": "KRW-XRP", "price": 3028.0, "size": 599.0690885, "side": "BID"}, {"ts": 1764640197.329, "symbol": "KRW-XRP", "price": 3026.0, "size": 658.13897736, "side": "ASK"}, {"ts": 1764640197.561, "symbol": "KRW-ETH", "price": 4184000.0, "size": 0.14439128, "side": "ASK"}, {"ts": 1764640197.621, "symbol": "KRW-ETH", "price": 4184000.0, "size": 0.2892036, "side": "ASK"}, {"ts": 1764640197.622, "symbol": "KRW-ETH", "price": 4184000.0, "size": 0.01, "side": "ASK"}, {"ts": 1764640197.721, "symbol": "KRW-ETH", "price": 4184000.0, "size": 0.2162, "side": "BID"}, {"ts": 1764640197.912, "symbol": "KRW-XRP", "price": 3026.0, "size": 505.78148942, "side": "ASK"}, {"ts": 1764640197.923, "symbol": "KRW-ETH", "price": 4184000.0, "size": 1.86045764, "side": "BID"}, {"ts": 1764640197.924, "symbol": "KRW-ETH", "price": 4185000.0, "size": 1.66984236, "side": "BID"}, {"ts": 1764640198.032, "symbol": "KRW-SOL", "price": 192000.0, "size": 21.86113731, "side": "ASK"}, {"ts": 1764640198.664, "symbol": "KRW-ETH", "price": 4184000.0, "size": 0.3582, "side": "BID"}, {"ts": 1764640198.745, "symbol": "KRW-ETH", "price": 4184000.0, "size": 3.55502133, "side": "BID"}, {"ts": 1764640198.746, "symbol": "KRW-ETH", "price": 4185000.0, "size": 3.09737867, "side": "BID"}, {"ts": 1764640199.044, "symbol": "KRW-BTC", "price": 129501000.0, "size": 0.00342915, "side": "BID"}, {"ts": 1764640199.077, "symbol": "KRW-SOL", "price": 192000.0, "size": 5.23522433, "side": "ASK"}, {"ts": 1764640199.079, "symbol": "KRW-SOL", "price": 192000.0, "size": 0.1041, "side": "ASK"}, {"ts": 1764640199.079, "symbol": "KRW-SOL", "price": 192000.0, "size": 3.0, "side": "ASK"}, {"ts": 1764640199.079, "symbol": "KRW-SOL", "price": 192000.0, "size": 0.1, "side": "ASK"}, {"ts": 1764640199.079, "symbol": "KRW-SOL", "price": 192000.0, "size": 0.41666666, "side": "ASK"}, {"ts": 1764640199.079, "symbol": "KRW-SOL", "price": 192000.0, "size": 0.10416666, "side": "ASK"}, {"ts": 1764640199.079, "symbol": "KRW-SOL", "price": 192000.0, "size": 2.0, "side": "ASK"}, {"ts": 1764640199.079, "symbol": "KRW-SOL", "price": 192000.0, "size": 2.0, "side": "ASK"}, {"ts": 1764640199.079, "symbol": "KRW-SOL", "price": 192000.0, "size": 1.25226969, "side": "ASK"}, {"ts": 1764640199.079, "symbol": "KRW-SOL", "price": 192000.0, "size": 26.04166666, "side": "ASK"}, {"ts": 1764640199.08, "symbol": "KRW-SOL", "price": 192000.0, "size": 0.52083333, "side": "ASK"}, {"ts": 1764640199.08, "symbol": "KRW-SOL", "price": 192000.0, "size": 0.05, "side": "ASK"}, {"ts": 1764640199.08, "symbol": "KRW-SOL", "price": 192000.0, "size": 0.45175208, "side": "ASK"}, {"ts": 1764640199.081, "symbol": "KRW-SOL", "price": 192000.0, "size": 0.02670812, "side": "ASK"}, {"ts": 1764640199.081, "symbol": "KRW-SOL", "price": 192000.0, "size": 5.20833333, "side": "ASK"}, {"ts": 1764640199.081, "symbol": "KRW-SOL", "price": 192000.0, "size": 0.1, "side": "ASK"}, {"ts": 1764640199.081, "symbol": "KRW-SOL", "price": 192000.0, "size": 0.10416666, "side": "ASK"}, {"ts": 1764640199.081, "symbol": "KRW-SOL", "price": 192000.0, "size": 0.1, "side": "ASK"}, {"ts": 1764640199.081, "symbol": "KRW-SOL", "price": 192000.0, "size": 1.5625, "side": "ASK"}, {"ts": 1764640199.082, "symbol": "KRW-SOL", "price": 192000.0, "size": 0.52083333, "side": "ASK"}, {"ts": 1764640199.083, "symbol": "KRW-SOL", "price": 192000.0, "size": 0.20833333, "side": "ASK"}, {"ts": 1764640199.083, "symbol": "KRW-SOL", "price": 192000.0, "size": 0.15625, "side": "ASK"}, {"ts": 1764640199.083, "symbol": "KRW-SOL", "price": 192000.0, "size": 10.41720285, "side": "ASK"}, {"ts": 1764640199.083, "symbol": "KRW-SOL", "price": 192000.0, "size": 0.52083333, "side": "ASK"}, {"ts": 1764640199.083, "symbol": "KRW-SOL", "price": 192000.0, "size": 0.52083333, "side": "ASK"}, {"ts": 1764640199.083, "symbol": "KRW-SOL", "price": 192000.0, "size": 0.05208333, "side": "ASK"}, {"ts": 1764640199.083, "symbol": "KRW-SOL", "price": 192000.0, "size": 1.0, "side": "ASK"}, {"ts": 1764640199.083, "symbol": "KRW-SOL", "price": 192000.0, "size": 1.26319774, "side": "ASK"}, {"ts": 1764640199.083, "symbol": "KRW-SOL", "price": 192000.0, "size": 0.05202913, "side": "ASK"}, {"ts": 1764640199.083, "symbol": "KRW-SOL", "price": 192000.0, "size": 0.2600104, "side": "ASK"}, {"ts": 1764640199.083, "symbol": "KRW-SOL", "price": 192000.0, "size": 52.08333333, "side": "ASK"}, {"ts": 1764640199.083, "symbol": "KRW-SOL", "price": 192000.0, "size": 0.52083333, "side": "ASK"}, {"ts": 1764640199.083, "symbol": "KRW-SOL", "price": 192000.0, "size": 0.02604687, "side": "ASK"}, {"ts": 1764640199.084, "symbol": "KRW-SOL", "price": 192000.0, "size": 0.039489, "side": "ASK"}, {"ts": 1764640199.084, "symbol": "KRW-SOL", "price": 192000.0, "size": 5.20833333, "side": "ASK"}, {"ts": 1764640199.084, "symbol": "KRW-SOL", "price": 191900.0, "size": 6.87247849, "side": "ASK"}, {"ts": 1764640200.069, "symbol": "KRW-BTC", "price": 129501000.0, "size": 0.00019314, "side": "BID"}, {"ts": 1764640200.391, "symbol": "KRW-BTC", "price": 129484000.0, "size": 0.24791397, "side": "ASK"}, {"ts": 1764640200.693, "symbol": "KRW-ETH", "price": 4183000.0, "size": 0.07171886, "side": "ASK"}, {"ts": 1764640200.695, "symbol": "KRW-ETH", "price": 4183000.0, "size": 0.00401912, "side": "ASK"}, {"ts": 1764640200.695, "symbol": "KRW-ETH", "price": 4183000.0, "size": 0.04778868, "side": "ASK"}, {"ts": 1764640200.695, "symbol": "KRW-ETH", "price": 4183000.0, "size": 0.09161291, "side": "ASK"}, {"ts": 1764640200.695, "symbol": "KRW-ETH", "price": 4183000.0, "size": 0.0011965, "side": "ASK"}, {"ts": 1764640200.695, "symbol": "KRW-ETH", "price": 4183000.0, "size": 0.00239062, "side": "ASK"}, {"ts": 1764640200.695, "symbol": "KRW-ETH", "price": 4183000.0, "size": 0.0762855, "side": "ASK"}, {"ts": 1764640201.848, "symbol": "KRW-SOL", "price": 191900.0, "size": 7.12752151, "side": "ASK"}, {"ts": 1764640201.848, "symbol": "KRW-SOL", "price": 191900.0, "size": 0.03096795, "side": "ASK"}, {"ts": 1764640201.848, "symbol": "KRW-SOL", "price": 191900.0, "size": 0.15633142, "side": "ASK"}, {"ts": 1764640201.848, "symbol": "KRW-SOL", "price": 191900.0, "size": 1.10234445, "side": "ASK"}, {"ts": 1764640201.848, "symbol": "KRW-SOL", "price": 191900.0, "size": 0.26055237, "side": "ASK"}, {"ts": 1764640201.848, "symbol": "KRW-SOL", "price": 191900.0, "size": 4.38065994, "side": "ASK"}, {"ts": 1764640202.079, "symbol": "KRW-BTC", "price": 129501000.0, "size": 0.00385939, "side": "BID"}, {"ts": 1764640202.22, "symbol": "KRW-ETH", "price": 4183000.0, "size": 0.00476054, "side": "ASK"}, {"ts": 1764640202.496, "symbol": "KRW-XRP", "price": 3026.0, "size": 139.4414458, "side": "ASK"}, {"ts": 1764640202.497, "symbol": "KRW-XRP", "price": 3026.0, "size": 140.36037673, "side": "ASK"}, {"ts": 1764640202.498, "symbol": "KRW-XRP", "price": 3026.0, "size": 136.88694317, "side": "ASK"}, {"ts": 1764640202.498, "symbol": "KRW-XRP", "price": 3026.0, "size": 72.3128883, "side": "ASK"}, {"ts": 1764640202.498, "symbol": "KRW-XRP", "price": 3026.0, "size": 10.0, "side": "ASK"}, {"ts": 1764640202.498, "symbol": "KRW-XRP", "price": 3026.0, "size": 81.2161269, "side": "ASK"}, {"ts": 1764640202.499, "symbol": "KRW-XRP", "price": 3026.0, "size": 72.97397446, "side": "ASK"}, {"ts": 1764640203.3, "symbol": "KRW-XRP", "price": 3026.0, "size": 8.24215244, "side": "ASK"}, {"ts": 1764640203.301, "symbol": "KRW-XRP", "price": 3026.0, "size": 165.48070974, "side": "ASK"}, {"ts": 1764640203.301, "symbol": "KRW-XRP", "price": 3026.0, "size": 26.93459429, "side": "ASK"}, {"ts": 1764640203.467, "symbol": "KRW-ETH", "price": 4183000.0, "size": 0.1475061, "side": "ASK"}, {"ts": 1764640203.501, "symbol": "KRW-XRP", "price": 3026.0, "size": 150.0, "side": "ASK"}, {"ts": 1764640203.605, "symbol": "KRW-ETH", "price": 4185000.0, "size": 0.00119474, "side": "BID"}, {"ts": 1764640203.944, "symbol": "KRW-XRP", "price": 3027.0, "size": 11.99631436, "side": "BID"}, {"ts": 1764640204.263, "symbol": "KRW-XRP", "price": 3027.0, "size": 23.12520647, "side": "BID"}, {"ts": 1764640204.729, "symbol": "KRW-BTC", "price": 129500000.0, "size": 4.291e-05, "side": "BID"}, {"ts": 1764640204.827, "symbol": "KRW-XRP", "price": 3027.0, "size": 2.57251404, "side": "BID"}, {"ts": 1764640204.94, "symbol": "KRW-SOL", "price": 191900.0, "size": 15.63314227, "side": "ASK"}, {"ts": 1764640205.232, "symbol": "KRW-BTC", "price": 129484000.0, "size": 0.00200345, "side": "ASK"}, {"ts": 1764640205.53, "symbol": "KRW-XRP", "price": 3027.0, "size": 8.54079947, "side": "BID"}, {"ts": 1764640205.855, "symbol": "KRW-XRP", "price": 3027.0, "size": 743.52816986, "side": "BID"}, {"ts": 1764640206.316, "symbol": "KRW-BTC", "price": 129484000.0, "size": 0.03202981, "side": "ASK"}, {"ts": 1764640207.107, "symbol": "KRW-SOL", "price": 192100.0, "size": 0.02624294, "side": "BID"}, {"ts": 1764640207.22, "symbol": "KRW-BTC", "price": 129500000.0, "size": 0.00023166, "side": "BID"}, {"ts": 1764640207.361, "symbol": "KRW-BTC", "price": 129500000.0, "size": 0.0031272, "side": "BID"}, {"ts": 1764640207.468, "symbol": "KRW-ETH", "price": 4183000.0, "size": 0.01051073, "side": "ASK"}, {"ts": 1764640207.469, "symbol": "KRW-ETH", "price": 4183000.0, "size": 0.07171886, "side": "ASK"}, {"ts": 1764640207.469, "symbol": "KRW-ETH", "price": 4183000.0, "size": 0.02380952, "side": "ASK"}, {"ts": 1764640207.469, "symbol": "KRW-ETH", "price": 4183000.0, "size": 0.02078491, "side": "ASK"}, {"ts": 1764640207.591, "symbol": "KRW-SOL", "price": 192100.0, "size": 0.03853722, "side": "BID"}, {"ts": 1764640207.622, "symbol": "KRW-BTC", "price": 129484000.0, "size": 0.00773791, "side": "ASK"}, {"ts": 1764640207.751, "symbol": "KRW-SOL", "price": 191900.0, "size": 6.04179706, "side": "ASK"}, {"ts": 1764640207.752, "symbol": "KRW-SOL", "price": 191900.0, "size": 0.52110474, "side": "ASK"}, {"ts": 1764640207.752, "symbol": "KRW-SOL", "price": 191900.0, "size": 5.11318394, "side": "ASK"}, {"ts": 1764640207.752, "symbol": "KRW-SOL", "price": 191900.0, "size": 0.03647733, "side": "ASK"}, {"ts": 1764640207.752, "symbol": "KRW-SOL", "price": 191900.0, "size": 0.1, "side": "ASK"}, {"ts": 1764640207.752, "symbol": "KRW-SOL", "price": 191900.0, "size": 14.20200508, "side": "ASK"}, {"ts": 1764640208.402, "symbol": "KRW-XRP", "price": 3027.0, "size": 9.90752972, "side": "BID"}, {"ts": 1764640209.145, "symbol": "KRW-XRP", "price": 3027.0, "size": 149.19623389, "side": "BID"}, {"ts": 1764640209.729, "symbol": "KRW-XRP", "price": 3027.0, "size": 3116.72719892, "side": "BID"}, {"ts": 1764640209.731, "symbol": "KRW-XRP", "price": 3027.0, "size": 100.0, "side": "BID"}, {"ts": 1764640209.731, "symbol": "KRW-XRP", "price": 3027.0, "size": 563.96487304, "side": "BID"}, {"ts": 1764640209.731, "symbol": "KRW-XRP", "price": 3027.0, "size": 149.19623389, "side": "BID"}, {"ts": 1764640209.76, "symbol": "KRW-ETH", "price": 4185000.0, "size": 0.88190064, "side": "BID"}, {"ts": 1764640209.761, "symbol": "KRW-ETH", "price": 4185000.0, "size": 0.232, "side": "BID"}, {"ts": 1764640209.779, "symbol": "KRW-ETH", "price": 4185000.0, "size": 0.471, "side": "BID"}, {"ts": 1764640209.775, "symbol": "KRW-BTC", "price": 129484000.0, "size": 0.00772194, "side": "ASK"}, {"ts": 1764640209.859, "symbol": "KRW-ETH", "price": 4185000.0, "size": 1.81319949, "side": "BID"}, {"ts": 1764640209.86, "symbol": "KRW-ETH", "price": 4185000.0, "size": 0.04479285, "side": "BID"}, {"ts": 1764640209.86, "symbol": "KRW-ETH", "price": 4185000.0, "size": 0.23691067, "side": "BID"}, {"ts": 1764640210.217, "symbol": "KRW-BTC", "price": 129484000.0, "size": 0.00044371, "side": "ASK"}, {"ts": 1764640210.295, "symbol": "KRW-BTC", "price": 129484000.0, "size": 0.05, "side": "ASK"}, {"ts": 1764640211.396, "symbol": "KRW-XRP", "price": 3026.0, "size": 8.68823076, "side": "ASK"}, {"ts": 1764640211.477, "symbol": "KRW-XRP", "price": 3026.0, "size": 238.3080131, "side": "ASK"}, {"ts": 1764640211.507, "symbol": "KRW-SOL", "price": 191900.0, "size": 4.3341556, "side": "ASK"}, {"ts": 1764640211.567, "symbol": "KRW-ETH", "price": 4185000.0, "size": 1e-08, "side": "BID"}, {"ts": 1764640211.568, "symbol": "KRW-ETH", "price": 4185000.0, "size": 0.99999999, "side": "BID"}, {"ts": 1764640211.597, "symbol": "KRW-XRP", "price": 3027.0, "size": 528.80577822, "side": "BID"}, {"ts": 1764640211.687, "symbol": "KRW-ETH", "price": 4185000.0, "size": 1e-08, "side": "BID"}, {"ts": 1764640211.688, "symbol": "KRW-ETH", "price": 4188000.0, "size": 0.11934283, "side": "BID"}, {"ts": 1764640211.688, "symbol": "KRW-ETH", "price": 4188000.0, "size": 0.04697762, "side": "BID"}, {"ts": 1764640211.688, "symbol": "KRW-ETH", "price": 4188000.0, "size": 1.53367954, "side": "BID"}, {"ts": 1764640212.423, "symbol": "KRW-BTC", "price": 129500000.0, "size": 0.00088777, "side": "BID"}, {"ts": 1764640212.424, "symbol": "KRW-BTC", "price": 129501000.0, "size": 0.00683032, "side": "BID"}, {"ts": 1764640212.805, "symbol": "KRW-BTC", "price": 129501000.0, "size": 0.0030456, "side": "BID"}, {"ts": 1764640212.807, "symbol": "KRW-BTC", "price": 129501000.0, "size": 0.00111956, "side": "BID"}, {"ts": 1764640212.807, "symbol": "KRW-BTC", "price": 129501000.0, "size": 0.00283484, "side": "BID"}, {"ts": 1764640213.268, "symbol": "KRW-BTC", "price": 129501000.0, "size": 0.00267085, "side": "BID"}, {"ts": 1764640213.269, "symbol": "KRW-BTC", "price": 129501000.0, "size": 0.00719056, "side": "BID"}, {"ts": 1764640213.476, "symbol": "KRW-ETH", "price": 4183000.0, "size": 0.01109006, "side": "ASK"}, {"ts": 1764640213.478, "symbol": "KRW-ETH", "price": 4183000.0, "size": 0.0119474, "side": "ASK"}, {"ts": 1764640213.478, "symbol": "KRW-ETH", "price": 4183000.0, "size": 0.00238891, "side": "ASK"}, {"ts": 1764640213.478, "symbol": "KRW-ETH", "price": 4183000.0, "size": 0.44711881, "side": "ASK"}, {"ts": 1764640213.478, "symbol": "KRW-ETH", "price": 4183000.0, "size": 0.176, "side": "ASK"}, {"ts": 1764640213.478, "symbol": "KRW-ETH", "price": 4183000.0, "size": 0.72077599, "side": "ASK"}, {"ts": 1764640213.478, "symbol": "KRW-ETH", "price": 4183000.0, "size": 0.02389486, "side": "ASK"}, {"ts": 1764640213.478, "symbol": "KRW-ETH", "price": 4183000.0, "size": 0.29045517, "side": "ASK"}, {"ts": 1764640213.478, "symbol": "KRW-ETH", "price": 4183000.0, "size": 0.23906287, "side": "ASK"}, {"ts": 1764640213.478, "symbol": "KRW-ETH", "price": 4183000.0, "size": 0.012, "side": "ASK"}, {"ts": 1764640213.478, "symbol": "KRW-ETH", "price": 4183000.0, "size": 0.06526593, "side": "ASK"}, {"ts": 1764640213.966, "symbol": "KRW-XRP", "price": 3028.0, "size": 1.98150594, "side": "BID"}, {"ts": 1764640213.978, "symbol": "KRW-ETH", "price": 4188000.0, "size": 0.52611564, "side": "BID"}, {"ts": 1764640213.992, "symbol": "KRW-BTC", "price": 129501000.0, "size": 3.859e-05, "side": "ASK"}, {"ts": 1764640213.993, "symbol": "KRW-BTC", "price": 129484000.0, "size": 0.00851876, "side": "ASK"}, {"ts": 1764640213.993, "symbol": "KRW-BTC", "price": 129484000.0, "size": 7.722e-05, "side": "ASK"}, {"ts": 1764640213.993, "symbol": "KRW-BTC", "price": 129484000.0, "size": 0.03859551, "side": "ASK"}, {"ts": 1764640213.993, "symbol": "KRW-BTC", "price": 129484000.0, "size": 0.0269291, "side": "ASK"}, {"ts": 1764640213.994, "symbol": "KRW-BTC", "price": 129484000.0, "size": 7.722e-05, "side": "ASK"}, {"ts": 1764640213.995, "symbol": "KRW-BTC", "price": 129484000.0, "size": 0.0257636, "side": "ASK"}, {"ts": 1764640214.599, "symbol": "KRW-SOL", "price": 192100.0, "size": 0.02602811, "side": "BID"}, {"ts": 1764640214.951, "symbol": "KRW-XRP", "price": 3027.0, "size": 3622.17917643, "side": "ASK"}, {"ts": 1764640215.037, "symbol": "KRW-BTC", "price": 129515000.0, "size": 0.00154422, "side": "BID"}, {"ts": 1764640215.057, "symbol": "KRW-BTC", "price": 129515000.0, "size": 0.0001, "side": "BID"}, {"ts": 1764640215.394, "symbol": "KRW-XRP", "price": 3027.0, "size": 1492.53731343, "side": "ASK"}, {"ts": 1764640215.395, "symbol": "KRW-XRP", "price": 3027.0, "size": 1623.08026755, "side": "ASK"}, {"ts": 1764640215.422, "symbol": "KRW-SOL", "price": 192000.0, "size": 0.1, "side": "BID"}, {"ts": 1764640215.423, "symbol": "KRW-SOL", "price": 192000.0, "size": 0.4, "side": "BID"}, {"ts": 1764640215.945, "symbol": "KRW-SOL", "price": 192000.0, "size": 2.52101531, "side": "BID"}, {"ts": 1764640215.946, "symbol": "KRW-SOL", "price": 192100.0, "size": 2.7075004, "side": "BID"}, {"ts": 1764640215.946, "symbol": "KRW-SOL", "price": 192100.0, "size": 0.78253431, "side": "BID"}, {"ts": 1764640215.946, "symbol": "KRW-SOL", "price": 192100.0, "size": 0.98894998, "side": "BID"}, {"ts": 1764640216.563, "symbol": "KRW-BTC", "price": 129515000.0, "size": 0.00021205, "side": "BID"}, {"ts": 1764640217.193, "symbol": "KRW-ETH", "price": 4185000.0, "size": 0.2879, "side": "BID"}, {"ts": 1764640217.412, "symbol": "KRW-ETH", "price": 4185000.0, "size": 8.64e-05, "side": "BID"}, {"ts": 1764640217.413, "symbol": "KRW-ETH", "price": 4188000.0, "size": 0.04766915, "side": "BID"}, {"ts": 1764640217.484, "symbol": "KRW-XRP", "price": 3027.0, "size": 1.9, "side": "ASK"}, {"ts": 1764640217.75, "symbol": "KRW-BTC", "price": 129515000.0, "size": 0.00102984, "side": "BID"}, {"ts": 1764640218.231, "symbol": "KRW-BTC", "price": 129515000.0, "size": 0.00019063, "side": "BID"}, {"ts": 1764640218.451, "symbol": "KRW-BTC", "price": 129515000.0, "size": 4.246e-05, "side": "BID"}, {"ts": 1764640218.627, "symbol": "KRW-XRP", "price": 3027.0, "size": 1622.50198019, "side": "ASK"}, {"ts": 1764640218.749, "symbol": "KRW-XRP", "price": 3027.0, "size": 1651.80046251, "side": "ASK"}, {"ts": 1764640218.935, "symbol": "KRW-SOL", "price": 191900.0, "size": 0.68093312, "side": "ASK"}, {"ts": 1764640219.617, "symbol": "KRW-BTC", "price": 129484000.0, "size": 4.246e-05, "side": "ASK"}, {"ts": 1764640220.756, "symbol": "KRW-XRP", "price": 3028.0, "size": 1093.88171792, "side": "BID"}, {"ts": 1764640220.758, "symbol": "KRW-XRP", "price": 3028.0, "size": 148.61294584, "side": "BID"}, {"ts": 1764640220.758, "symbol": "KRW-XRP", "price": 3028.0, "size": 132.01320132, "side": "BID"}, {"ts": 1764640220.758, "symbol": "KRW-XRP", "price": 3028.0, "size": 993.37748344, "side": "BID"}, {"ts": 1764640220.758, "symbol": "KRW-XRP", "price": 3028.0, "size": 50.0, "side": "BID"}, {"ts": 1764640221.306, "symbol": "KRW-SOL", "price": 191900.0, "size": 0.5, "side": "ASK"}, {"ts": 1764640221.346, "symbol": "KRW-BTC", "price": 129501000.0, "size": 0.00077219, "side": "BID"}, {"ts": 1764640222.868, "symbol": "KRW-XRP", "price": 3028.0, "size": 179.62571709, "side": "ASK"}, {"ts": 1764640223.148, "symbol": "KRW-XRP", "price": 3028.0, "size": 33.04692663, "side": "ASK"}, {"ts": 1764640223.379, "symbol": "KRW-BTC", "price": 129501000.0, "size": 7.721e-05, "side": "BID"}, {"ts": 1764640224.181, "symbol": "KRW-BTC", "price": 129501000.0, "size": 0.0016, "side": "BID"}, {"ts": 1764640224.414, "symbol": "KRW-XRP", "price": 3028.0, "size": 330.36009251, "side": "ASK"}, {"ts": 1764640225.027, "symbol": "KRW-BTC", "price": 129493000.0, "size": 0.01544485, "side": "BID"}, {"ts": 1764640225.183, "symbol": "KRW-SOL", "price": 191900.0, "size": 10.34832915, "side": "ASK"}, {"ts": 1764640225.188, "symbol": "KRW-BTC", "price": 129493000.0, "size": 7.8e-05, "side": "BID"}, {"ts": 1764640225.227, "symbol": "KRW-BTC", "price": 129493000.0, "size": 7.721e-05, "side": "BID"}, {"ts": 1764640225.809, "symbol": "KRW-ETH", "price": 4185000.0, "size": 0.11947431, "side": "ASK"}, {"ts": 1764640225.81, "symbol": "KRW-ETH", "price": 4185000.0, "size": 0.04422707, "side": "ASK"}, {"ts": 1764640226.484, "symbol": "KRW-XRP", "price": 3029.0, "size": 3.9, "side": "BID"}, {"ts": 1764640226.492, "symbol": "KRW-BTC", "price": 129484000.0, "size": 0.05139268, "side": "ASK"}, {"ts": 1764640226.494, "symbol": "KRW-BTC", "price": 129484000.0, "size": 0.0003, "side": "ASK"}, {"ts": 1764640226.494, "symbol": "KRW-BTC", "price": 129484000.0, "size": 3.869e-05, "side": "ASK"}, {"ts": 1764640226.494, "symbol": "KRW-BTC", "price": 129484000.0, "size": 0.01479818, "side": "ASK"}, {"ts": 1764640227.148, "symbol": "KRW-XRP", "price": 3028.0, "size": 326.37075718, "side": "ASK"}, {"ts": 1764640227.196, "symbol": "KRW-ETH", "price": 4188000.0, "size": 0.21449212, "side": "BID"}, {"ts": 1764640227.268, "symbol": "KRW-XRP", "price": 3028.0, "size": 13.57063586, "side": "ASK"}, {"ts": 1764640227.27, "symbol": "KRW-XRP", "price": 3028.0, "size": 316.8986305, "side": "ASK"}, {"ts": 1764640227.951, "symbol": "KRW-XRP", "price": 3028.0, "size": 168.60135398, "side": "ASK"}, {"ts": 1764640227.952, "symbol": "KRW-XRP", "price": 3028.0, "size": 18.24861294, "side": "ASK"}, {"ts": 1764640227.952, "symbol": "KRW-XRP", "price": 3027.0, "size": 176.7994539, "side": "ASK"}, {"ts": 1764640228.094, "symbol": "KRW-XRP", "price": 3029.0, "size": 32.997689, "side": "BID"}, {"ts": 1764640229.045, "symbol": "KRW-BTC", "price": 129493000.0, "size": 0.00231658, "side": "BID"}, {"ts": 1764640229.099, "symbol": "KRW-XRP", "price": 3027.0, "size": 100.0, "side": "ASK"}, {"ts": 1764640229.205, "symbol": "KRW-ETH", "price": 4185000.0, "size": 0.85901398, "side": "ASK"}, {"ts": 1764640229.287, "symbol": "KRW-BTC", "price": 129493000.0, "size": 0.04139469, "side": "BID"}, {"ts": 1764640229.72, "symbol": "KRW-SOL", "price": 191900.0, "size": 10.50446925, "side": "ASK"}, {"ts": 1764640229.944, "symbol": "KRW-XRP", "price": 3028.0, "size": 17.03586009, "side": "BID"}, {"ts": 1764640229.945, "symbol": "KRW-XRP", "price": 3028.0, "size": 49.28000239, "side": "BID"}, {"ts": 1764640229.95, "symbol": "KRW-ETH", "price": 4188000.0, "size": 0.09551098, "side": "BID"}, {"ts": 1764640230.089, "symbol": "KRW-BTC", "price": 129493000.0, "size": 5.31e-06, "side": "ASK"}, {"ts": 1764640230.09, "symbol": "KRW-BTC", "price": 129493000.0, "size": 7.721e-05, "side": "ASK"}, {"ts": 1764640230.09, "symbol": "KRW-BTC", "price": 129485000.0, "size": 0.00231687, "side": "ASK"}, {"ts": 1764640230.09, "symbol": "KRW-BTC", "price": 129484000.0, "size": 0.0273104, "side": "ASK"}, {"ts": 1764640230.753, "symbol": "KRW-BTC", "price": 129493000.0, "size": 0.00225691, "side": "ASK"}, {"ts": 1764640231.007, "symbol": "KRW-SOL", "price": 191900.0, "size": 15.625, "side": "ASK"}, {"ts": 1764640231.496, "symbol": "KRW-BTC", "price": 129501000.0, "size": 0.00038605, "side": "BID"}, {"ts": 1764640231.809, "symbol": "KRW-XRP", "price": 3028.0, "size": 74.9, "side": "ASK"}, {"ts": 1764640231.919, "symbol": "KRW-ETH", "price": 4185000.0, "size": 0.00243583, "side": "ASK"}, {"ts": 1764640232.019, "symbol": "KRW-BTC", "price": 129493000.0, "size": 5.981e-05, "side": "ASK"}, {"ts": 1764640232.021, "symbol": "KRW-BTC", "price": 129484000.0, "size": 0.23355817, "side": "ASK"}, {"ts": 1764640232.453, "symbol": "KRW-XRP", "price": 3028.0, "size": 200.0, "side": "ASK"}, {"ts": 1764640232.832, "symbol": "KRW-SOL", "price": 192000.0, "size": 1.0, "side": "BID"}, {"ts": 1764640232.962, "symbol": "KRW-BTC", "price": 129501000.0, "size": 7.721e-05, "side": "BID"}, {"ts": 1764640233.598, "symbol": "KRW-SOL", "price": 191900.0, "size": 63.27404578, "side": "ASK"}, {"ts": 1764640233.599, "symbol": "KRW-SOL", "price": 191900.0, "size": 10.41721973, "side": "ASK"}, {"ts": 1764640233.599, "symbol": "KRW-SOL", "price": 191900.0, "size": 2.60552371, "side": "ASK"}, {"ts": 1764640233.599, "symbol": "KRW-SOL", "price": 191900.0, "size": 0.52110474, "side": "ASK"}, {"ts": 1764640233.599, "symbol": "KRW-SOL", "price": 191900.0, "size": 0.15633142, "side": "ASK"}, {"ts": 1764640233.599, "symbol": "KRW-SOL", "price": 191900.0, "size": 0.31250659, "side": "ASK"}, {"ts": 1764640233.599, "symbol": "KRW-SOL", "price": 191900.0, "size": 15.0, "side": "ASK"}, {"ts": 1764640233.599, "symbol": "KRW-SOL", "price": 191900.0, "size": 0.02606044, "side": "ASK"}, {"ts": 1764640233.599, "symbol": "KRW-SOL", "price": 191900.0, "size": 0.1, "side": "ASK"}, {"ts": 1764640233.599, "symbol": "KRW-SOL", "price": 191900.0, "size": 2.53507708, "side": "ASK"}, {"ts": 1764640234.108, "symbol": "KRW-BTC", "price": 129484000.0, "size": 0.01106259, "side": "ASK"}, {"ts": 1764640234.331, "symbol": "KRW-ETH", "price": 4185000.0, "size": 0.09, "side": "ASK"}, {"ts": 1764640234.361, "symbol": "KRW-SOL", "price": 191900.0, "size": 1.55282276, "side": "ASK"}, {"ts": 1764640234.413, "symbol": "KRW-ETH", "price": 4185000.0, "size": 0.19906625, "side": "ASK"}, {"ts": 1764640234.414, "symbol": "KRW-ETH", "price": 4185000.0, "size": 0.11947431, "side": "ASK"}, {"ts": 1764640234.711, "symbol": "KRW-BTC", "price": 129484000.0, "size": 0.03113587, "side": "ASK"}, {"ts": 1764640235.738, "symbol": "KRW-ETH", "price": 4185000.0, "size": 1.19388729, "side": "BID"}, {"ts": 1764640235.755, "symbol": "KRW-BTC", "price": 129501000.0, "size": 1.239e-05, "side": "BID"}, {"ts": 1764640236.187, "symbol": "KRW-SOL", "price": 191900.0, "size": 0.06982011, "side": "ASK"}, {"ts": 1764640236.921, "symbol": "KRW-BTC", "price": 129515000.0, "size": 0.00332591, "side": "BID"}, {"ts": 1764640237.065, "symbol": "KRW-ETH", "price": 4185000.0, "size": 0.23877745, "side": "BID"}, {"ts": 1764640237.105, "symbol": "KRW-ETH", "price": 4185000.0, "size": 0.08278948, "side": "BID"}, {"ts": 1764640237.367, "symbol": "KRW-ETH", "price": 4185000.0, "size": 0.03763225, "side": "BID"}, {"ts": 1764640239.23, "symbol": "KRW-BTC", "price": 129515000.0, "size": 0.00514621, "side": "BID"}, {"ts": 1764640239.231, "symbol": "KRW-BTC", "price": 129515000.0, "size": 7.708e-05, "side": "BID"}, {"ts": 1764640239.231, "symbol": "KRW-BTC", "price": 129516000.0, "size": 0.0024978, "side": "BID"}, {"ts": 1764640239.481, "symbol": "KRW-SOL", "price": 192000.0, "size": 0.26041666, "side": "BID"}, {"ts": 1764640239.572, "symbol": "KRW-BTC", "price": 129515000.0, "size": 0.00029109, "side": "BID"}, {"ts": 1764640239.573, "symbol": "KRW-BTC", "price": 129516000.0, "size": 0.00048101, "side": "BID"}, {"ts": 1764640240.262, "symbol": "KRW-SOL", "price": 191900.0, "size": 0.70182709, "side": "ASK"}, {"ts": 1764640240.404, "symbol": "KRW-SOL", "price": 191900.0, "size": 3.87512158, "side": "ASK"}, {"ts": 1764640240.405, "symbol": "KRW-SOL", "price": 191900.0, "size": 0.1, "side": "ASK"}, {"ts": 1764640240.405, "symbol": "KRW-SOL", "price": 191900.0, "size": 0.03126628, "side": "ASK"}, {"ts": 1764640240.406, "symbol": "KRW-SOL", "price": 191900.0, "size": 0.05211047, "side": "ASK"}, {"ts": 1764640240.408, "symbol": "KRW-SOL", "price": 191900.0, "size": 3.85985807, "side": "ASK"}, {"ts": 1764640240.428, "symbol": "KRW-XRP", "price": 3028.0, "size": 305.33932756, "side": "ASK"}, {"ts": 1764640240.43, "symbol": "KRW-XRP", "price": 3028.0, "size": 194.66067244, "side": "ASK"}, {"ts": 1764640242.839, "symbol": "KRW-XRP", "price": 3028.0, "size": 663.88594592, "side": "ASK"}, {"ts": 1764640242.841, "symbol": "KRW-XRP", "price": 3028.0, "size": 16.42282034, "side": "ASK"}, {"ts": 1764640242.841, "symbol": "KRW-XRP", "price": 3028.0, "size": 82.56390356, "side": "ASK"}, {"ts": 1764640242.842, "symbol": "KRW-XRP", "price": 3028.0, "size": 660.17189555, "side": "ASK"}, {"ts": 1764640242.842, "symbol": "KRW-XRP", "price": 3028.0, "size": 7.39326505, "side": "ASK"}, {"ts": 1764640242.842, "symbol": "KRW-XRP", "price": 3028.0, "size": 99.02578433, "side": "ASK"}, {"ts": 1764640242.842, "symbol": "KRW-XRP", "price": 3028.0, "size": 36.89535681, "side": "ASK"}, {"ts": 1764640242.842, "symbol": "KRW-XRP", "price": 3028.0, "size": 6.815, "side": "ASK"}, {"ts": 1764640242.938, "symbol": "KRW-SOL", "price": 191900.0, "size": 1.14014193, "side": "ASK"}, {"ts": 1764640243.253, "symbol": "KRW-ETH", "price": 4183000.0, "size": 0.00322546, "side": "ASK"}, {"ts": 1764640243.413, "symbol": "KRW-ETH", "price": 4183000.0, "size": 0.02068082, "side": "ASK"}, {"ts": 1764640243.414, "symbol": "KRW-ETH", "price": 4183000.0, "size": 0.11953143, "side": "ASK"}, {"ts": 1764640243.414, "symbol": "KRW-ETH", "price": 4183000.0, "size": 0.71718862, "side": "ASK"}, {"ts": 1764640243.653, "symbol": "KRW-ETH", "price": 4183000.0, "size": 0.00239062, "side": "BID"}, {"ts": 1764640244.153, "symbol": "KRW-BTC", "price": 129501000.0, "size": 6.482e-05, "side": "ASK"}, {"ts": 1764640244.255, "symbol": "KRW-BTC", "price": 129501000.0, "size": 0.00262, "side": "BID"}, {"ts": 1764640244.284, "symbol": "KRW-XRP", "price": 3027.0, "size": 1019.89456567, "side": "ASK"}, {"ts": 1764640244.376, "symbol": "KRW-BTC", "price": 129494000.0, "size": 0.00019297, "side": "ASK"}, {"ts": 1764640244.566, "symbol": "KRW-XRP", "price": 3027.0, "size": 527.82186114, "side": "ASK"}, {"ts": 1764640244.878, "symbol": "KRW-BTC", "price": 129501000.0, "size": 7.721e-05, "side": "BID"}, {"ts": 1764640245.281, "symbol": "KRW-BTC", "price": 129484000.0, "size": 0.73323188, "side": "ASK"}, {"ts": 1764640245.282, "symbol": "KRW-BTC", "price": 129484000.0, "size": 0.0154382, "side": "ASK"}, {"ts": 1764640245.282, "symbol": "KRW-BTC", "price": 129484000.0, "size": 0.00772296, "side": "ASK"}, {"ts": 1764640245.282, "symbol": "KRW-BTC", "price": 129484000.0, "size": 0.00108121, "side": "ASK"}, {"ts": 1764640245.282, "symbol": "KRW-BTC", "price": 129484000.0, "size": 0.00463377, "side": "ASK"}, {"ts": 1764640245.284, "symbol": "KRW-BTC", "price": 129484000.0, "size": 0.00050662, "side": "ASK"}, {"ts": 1764640245.284, "symbol": "KRW-BTC", "price": 129484000.0, "size": 7.722e-05, "side": "ASK"}, {"ts": 1764640245.284, "symbol": "KRW-BTC", "price": 129484000.0, "size": 0.0077191, "side": "ASK"}, {"ts": 1764640245.284, "symbol": "KRW-BTC", "price": 129484000.0, "size": 0.00049223, "side": "ASK"}, {"ts": 1764640245.284, "symbol": "KRW-BTC", "price": 129484000.0, "size": 0.00772296, "side": "ASK"}, {"ts": 1764640245.284, "symbol": "KRW-BTC", "price": 129484000.0, "size": 0.00038614, "side": "ASK"}, {"ts": 1764640245.284, "symbol": "KRW-BTC", "price": 129484000.0, "size": 8.919e-05, "side": "ASK"}, {"ts": 1764640245.284, "symbol": "KRW-BTC", "price": 129484000.0, "size": 0.00147337, "side": "ASK"}, {"ts": 1764640245.284, "symbol": "KRW-BTC", "price": 129484000.0, "size": 0.00468985, "side": "ASK"}, {"ts": 1764640245.284, "symbol": "KRW-BTC", "price": 129484000.0, "size": 0.01157093, "side": "ASK"}, {"ts": 1764640245.284, "symbol": "KRW-BTC", "price": 129484000.0, "size": 0.00077229, "side": "ASK"}, {"ts": 1764640245.284, "symbol": "KRW-BTC", "price": 129484000.0, "size": 0.00154382, "side": "ASK"}, {"ts": 1764640245.284, "symbol": "KRW-BTC", "price": 129484000.0, "size": 0.00220056, "side": "ASK"}, {"ts": 1764640245.306, "symbol": "KRW-ADA", "price": 588.0, "size": 205.21018653, "side": "ASK"}, {"ts": 1764640245.419, "symbol": "KRW-BTC", "price": 129484000.0, "size": 0.00038614, "side": "ASK"}, {"ts": 1764640245.42, "symbol": "KRW-BTC", "price": 129480000.0, "size": 0.00154464, "side": "ASK"}, {"ts": 1764640245.42, "symbol": "KRW-BTC", "price": 129480000.0, "size": 7.723e-05, "side": "ASK"}, {"ts": 1764640245.42, "symbol": "KRW-BTC", "price": 129480000.0, "size": 0.00038616, "side": "ASK"}, {"ts": 1764640245.42, "symbol": "KRW-BTC", "price": 129480000.0, "size": 0.00192791, "side": "ASK"}, {"ts": 1764640245.421, "symbol": "KRW-BTC", "price": 129480000.0, "size": 7.723e-05, "side": "ASK"}, {"ts": 1764640245.422, "symbol": "KRW-BTC", "price": 129478000.0, "size": 3.88e-05, "side": "ASK"}, {"ts": 1764640245.423, "symbol": "KRW-BTC", "price": 129478000.0, "size": 1.386e-05, "side": "ASK"}, {"ts": 1764640245.57, "symbol": "KRW-XRP", "price": 3027.0, "size": 36.6929, "side": "ASK"}, {"ts": 1764640245.683, "symbol": "KRW-BTC", "price": 129478000.0, "size": 8.614e-05, "side": "ASK"}, {"ts": 1764640245.684, "symbol": "KRW-BTC", "price": 129478000.0, "size": 0.0003, "side": "ASK"}, {"ts": 1764640245.684, "symbol": "KRW-BTC", "price": 129477000.0, "size": 0.00077208, "side": "ASK"}, {"ts": 1764640245.701, "symbol": "KRW-ETH", "price": 4183000.0, "size": 0.00210888, "side": "BID"}, {"ts": 1764640245.782, "symbol": "KRW-BTC", "price": 129475000.0, "size": 0.00077234, "side": "ASK"}, {"ts": 1764640245.784, "symbol": "KRW-BTC", "price": 129475000.0, "size": 0.00038617, "side": "ASK"}, {"ts": 1764640245.784, "symbol": "KRW-BTC", "price": 129475000.0, "size": 7.723e-05, "side": "ASK"}, {"ts": 1764640245.784, "symbol": "KRW-BTC", "price": 129475000.0, "size": 0.00038617, "side": "ASK"}, {"ts": 1764640245.784, "symbol": "KRW-BTC", "price": 129473000.0, "size": 7.723e-05, "side": "ASK"}, {"ts": 1764640245.785, "symbol": "KRW-BTC", "price": 129473000.0, "size": 0.00077236, "side": "ASK"}, {"ts": 1764640245.785, "symbol": "KRW-BTC", "price": 129473000.0, "size": 7.723e-05, "side": "ASK"}, {"ts": 1764640245.785, "symbol": "KRW-BTC", "price": 129472000.0, "size": 0.001, "side": "ASK"}, {"ts": 1764640245.785, "symbol": "KRW-BTC", "price": 129471000.0, "size": 9.363e-05, "side": "ASK"}, {"ts": 1764640245.813, "symbol": "KRW-XRP", "price": 3028.0, "size": 363.27608982, "side": "BID"}, {"ts": 1764640245.822, "symbol": "KRW-BTC", "price": 129470000.0, "size": 0.0001, "side": "ASK"}, {"ts": 1764640245.823, "symbol": "KRW-BTC", "price": 129470000.0, "size": 0.00057967, "side": "ASK"}, {"ts": 1764640245.914, "symbol": "KRW-XRP", "price": 3027.0, "size": 4027.13970793, "side": "ASK"}, {"ts": 1764640245.915, "symbol": "KRW-XRP", "price": 3027.0, "size": 45.45024777, "side": "ASK"}, {"ts": 1764640245.915, "symbol": "KRW-XRP", "price": 3027.0, "size": 73.9453254, "side": "ASK"}, {"ts": 1764640245.915, "symbol": "KRW-XRP", "price": 3027.0, "size": 70.0, "side": "ASK"}, {"ts": 1764640245.916, "symbol": "KRW-XRP", "price": 3027.0, "size": 196.20186603, "side": "ASK"}, {"ts": 1764640245.917, "symbol": "KRW-XRP", "price": 3027.0, "size": 511.084407, "side": "ASK"}, {"ts": 1764640245.917, "symbol": "KRW-XRP", "price": 3027.0, "size": 990.584985, "side": "ASK"}, {"ts": 1764640245.917, "symbol": "KRW-XRP", "price": 3027.0, "size": 4.53456786, "side": "ASK"}, {"ts": 1764640245.917, "symbol": "KRW-XRP", "price": 3027.0, "size": 162.05276945, "side": "ASK"}, {"ts": 1764640245.917, "symbol": "KRW-XRP", "price": 3027.0, "size": 1.81758096, "side": "ASK"}, {"ts": 1764640245.917, "symbol": "KRW-XRP", "price": 3027.0, "size": 3.30360092, "side": "ASK"}, {"ts": 1764640245.917, "symbol": "KRW-XRP", "price": 3027.0, "size": 325.59174657, "side": "ASK"}, {"ts": 1764640245.917, "symbol": "KRW-XRP", "price": 3027.0, "size": 2891.98685952, "side": "ASK"}, {"ts": 1764640245.933, "symbol": "KRW-XRP", "price": 3027.0, "size": 2550.90387431, "side": "ASK"}, {"ts": 1764640245.962, "symbol": "KRW-BTC", "price": 129467000.0, "size": 0.001, "side": "ASK"}, {"ts": 1764640245.964, "symbol": "KRW-BTC", "price": 129467000.0, "size": 7.723e-05, "side": "ASK"}, {"ts": 1764640245.964, "symbol": "KRW-BTC", "price": 129467000.0, "size": 0.0002, "side": "ASK"}, {"ts": 1764640245.964, "symbol": "KRW-BTC", "price": 129466000.0, "size": 0.01543263, "side": "ASK"}, {"ts": 1764640245.965, "symbol": "KRW-BTC", "price": 129466000.0, "size": 0.00015436, "side": "ASK"}, {"ts": 1764640245.967, "symbol": "KRW-BTC", "price": 129466000.0, "size": 0.00076906, "side": "ASK"}, {"ts": 1764640245.967, "symbol": "KRW-BTC", "price": 129466000.0, "size": 0.001, "side": "ASK"}, {"ts": 1764640245.967, "symbol": "KRW-BTC", "price": 129465000.0, "size": 0.00053202, "side": "ASK"}, {"ts": 1764640245.967, "symbol": "KRW-BTC", "price": 129464000.0, "size": 0.0002, "side": "ASK"}, {"ts": 1764640245.968, "symbol": "KRW-BTC", "price": 129464000.0, "size": 0.00077241, "side": "ASK"}, {"ts": 1764640245.968, "symbol": "KRW-BTC", "price": 129460000.0, "size": 0.00015846, "side": "ASK"}, {"ts": 1764640245.968, "symbol": "KRW-BTC", "price": 129460000.0, "size": 8.143e-05, "side": "ASK"}, {"ts": 1764640245.968, "symbol": "KRW-BTC", "price": 129460000.0, "size": 0.00038622, "side": "ASK"}, {"ts": 1764640245.968, "symbol": "KRW-BTC", "price": 129460000.0, "size": 4.248e-05, "side": "ASK"}, {"ts": 1764640245.968, "symbol": "KRW-BTC", "price": 129459000.0, "size": 7.724e-05, "side": "ASK"}, {"ts": 1764640245.968, "symbol": "KRW-BTC", "price": 129459000.0, "size": 0.00023173, "side": "ASK"}, {"ts": 1764640245.968, "symbol": "KRW-BTC", "price": 129459000.0, "size": 0.00154489, "side": "ASK"}, {"ts": 1764640245.983, "symbol": "KRW-BTC", "price": 129456000.0, "size": 0.00087601, "side": "ASK"}, {"ts": 1764640245.986, "symbol": "KRW-BTC", "price": 129456000.0, "size": 0.1, "side": "ASK"}, {"ts": 1764640245.987, "symbol": "KRW-BTC", "price": 129456000.0, "size": 0.0003, "side": "ASK"}, {"ts": 1764640245.987, "symbol": "KRW-BTC", "price": 129456000.0, "size": 0.0003, "side": "ASK"}, {"ts": 1764640246.017, "symbol": "KRW-XRP", "price": 3027.0, "size": 3780.69207196, "side": "ASK"}, {"ts": 1764640246.018, "symbol": "KRW-XRP", "price": 3027.0, "size": 329.10975809, "side": "ASK"}, {"ts": 1764640246.033, "symbol": "KRW-XRP", "price": 3027.0, "size": 361.38542686, "side": "ASK"}, {"ts": 1764640246.184, "symbol": "KRW-BTC", "price": 129451000.0, "size": 4.634e-05, "side": "ASK"}, {"ts": 1764640246.185, "symbol": "KRW-BTC", "price": 129451000.0, "size": 0.00043268, "side": "ASK"}, {"ts": 1764640246.185, "symbol": "KRW-BTC", "price": 129451000.0, "size": 0.001, "side": "ASK"}, {"ts": 1764640246.205, "symbol": "KRW-BTC", "price": 129450000.0, "size": 0.00772499, "side": "ASK"}, {"ts": 1764640246.206, "symbol": "KRW-BTC", "price": 129450000.0, "size": 0.0001302, "side": "ASK"}, {"ts": 1764640246.206, "symbol": "KRW-BTC", "price": 129450000.0, "size": 7.724e-05, "side": "ASK"}, {"ts": 1764640246.208, "symbol": "KRW-BTC", "price": 129450000.0, "size": 0.00038624, "side": "ASK"}, {"ts": 1764640246.208, "symbol": "KRW-BTC", "price": 129450000.0, "size": 0.00772113, "side": "ASK"}, {"ts": 1764640246.208, "symbol": "KRW-BTC", "price": 129450000.0, "size": 0.00023174, "side": "ASK"}, {"ts": 1764640246.208, "symbol": "KRW-BTC", "price": 129445000.0, "size": 0.0001545, "side": "ASK"}, {"ts": 1764640246.208, "symbol": "KRW-BTC", "price": 129445000.0, "size": 7.721e-05, "side": "ASK"}, {"ts": 1764640246.208, "symbol": "KRW-BTC", "price": 129445000.0, "size": 0.00026628, "side": "ASK"}, {"ts": 1764640246.209, "symbol": "KRW-BTC", "price": 129444000.0, "size": 0.00023176, "side": "ASK"}, {"ts": 1764640246.209, "symbol": "KRW-BTC", "price": 129444000.0, "size": 0.00772534, "side": "ASK"}, {"ts": 1764640246.209, "symbol": "KRW-BTC", "price": 129444000.0, "size": 7.721e-05, "side": "ASK"}, {"ts": 1764640246.209, "symbol": "KRW-BTC", "price": 129442000.0, "size": 0.00014263, "side": "ASK"}, {"ts": 1764640246.209, "symbol": "KRW-BTC", "price": 129442000.0, "size": 0.00038627, "side": "ASK"}, {"ts": 1764640246.21, "symbol": "KRW-BTC", "price": 129442000.0, "size": 0.00038627, "side": "ASK"}, {"ts": 1764640246.21, "symbol": "KRW-BTC", "price": 129442000.0, "size": 3.866e-05, "side": "ASK"}, {"ts": 1764640246.21, "symbol": "KRW-BTC", "price": 129442000.0, "size": 0.07709164, "side": "ASK"}, {"ts": 1764640246.21, "symbol": "KRW-BTC", "price": 129440000.0, "size": 0.00077195, "side": "ASK"}, {"ts": 1764640246.211, "symbol": "KRW-BTC", "price": 129440000.0, "size": 0.00012836, "side": "ASK"}, {"ts": 1764640246.211, "symbol": "KRW-BTC", "price": 129440000.0, "size": 0.0003, "side": "ASK"}, {"ts": 1764640246.547, "symbol": "KRW-ETH", "price": 4183000.0, "size": 1.01261321, "side": "BID"}, {"ts": 1764640246.597, "symbol": "KRW-XRP", "price": 3027.0, "size": 2.0, "side": "BID"}, {"ts": 1764640247.451, "symbol": "KRW-ETH", "price": 4183000.0, "size": 0.01, "side": "BID"}, {"ts": 1764640247.535, "symbol": "KRW-BTC", "price": 129495000.0, "size": 0.0002548, "side": "BID"}, {"ts": 1764640248.359, "symbol": "KRW-BTC", "price": 129489000.0, "size": 0.00385859, "side": "BID"}, {"ts": 1764640248.719, "symbol": "KRW-BTC", "price": 129489000.0, "size": 0.00019067, "side": "BID"}, {"ts": 1764640249.49, "symbol": "KRW-XRP", "price": 3027.0, "size": 16.50561773, "side": "BID"}, {"ts": 1764640249.524, "symbol": "KRW-BTC", "price": 129432000.0, "size": 0.00401755, "side": "ASK"}, {"ts": 1764640249.525, "symbol": "KRW-BTC", "price": 129427000.0, "size": 0.00179193, "side": "ASK"}, {"ts": 1764640249.525, "symbol": "KRW-BTC", "price": 129421000.0, "size": 8.499e-05, "side": "ASK"}, {"ts": 1764640249.525, "symbol": "KRW-BTC", "price": 129421000.0, "size": 0.00038633, "side": "ASK"}, {"ts": 1764640249.525, "symbol": "KRW-BTC", "price": 129421000.0, "size": 9.644e-05, "side": "ASK"}, {"ts": 1764640249.527, "symbol": "KRW-BTC", "price": 129421000.0, "size": 0.00772672, "side": "ASK"}, {"ts": 1764640249.527, "symbol": "KRW-BTC", "price": 129421000.0, "size": 0.02319882, "side": "ASK"}, {"ts": 1764640249.527, "symbol": "KRW-BTC", "price": 129420000.0, "size": 0.00017678, "side": "ASK"}, {"ts": 1764640249.527, "symbol": "KRW-BTC", "price": 129420000.0, "size": 0.00077195, "side": "ASK"}, {"ts": 1764640249.527, "symbol": "KRW-BTC", "price": 129419000.0, "size": 0.00019297, "side": "ASK"}, {"ts": 1764640249.527, "symbol": "KRW-BTC", "price": 129417000.0, "size": 0.00772696, "side": "ASK"}, {"ts": 1764640249.527, "symbol": "KRW-BTC", "price": 129417000.0, "size": 0.0003, "side": "ASK"}, {"ts": 1764640249.527, "symbol": "KRW-BTC", "price": 129417000.0, "size": 7.726e-05, "side": "ASK"}, {"ts": 1764640249.527, "symbol": "KRW-BTC", "price": 129417000.0, "size": 0.00154536, "side": "ASK"}, {"ts": 1764640249.623, "symbol": "KRW-BTC", "price": 129417000.0, "size": 0.000744, "side": "BID"}, {"ts": 1764640250.407, "symbol": "KRW-SOL", "price": 191800.0, "size": 0.80412348, "side": "ASK"}, {"ts": 1764640250.408, "symbol": "KRW-SOL", "price": 191800.0, "size": 1.6629171, "side": "ASK"}, {"ts": 1764640250.408, "symbol": "KRW-SOL", "price": 191800.0, "size": 10.42752867, "side": "ASK"}, {"ts": 1764640250.408, "symbol": "KRW-SOL", "price": 191800.0, "size": 0.26055793, "side": "ASK"}, {"ts": 1764640250.408, "symbol": "KRW-SOL", "price": 191800.0, "size": 1.85433003, "side": "ASK"}, {"ts": 1764640250.408, "symbol": "KRW-SOL", "price": 191800.0, "size": 1.0, "side": "ASK"}, {"ts": 1764640250.408, "symbol": "KRW-SOL", "price": 191800.0, "size": 29.36566493, "side": "ASK"}, {"ts": 1764640250.408, "symbol": "KRW-SOL", "price": 191800.0, "size": 0.1, "side": "ASK"}, {"ts": 1764640250.408, "symbol": "KRW-SOL", "price": 191800.0, "size": 2.0, "side": "ASK"}, {"ts": 1764640250.408, "symbol": "KRW-SOL", "price": 191800.0, "size": 0.49518248, "side": "ASK"}, {"ts": 1764640250.408, "symbol": "KRW-SOL", "price": 191800.0, "size": 0.26068821, "side": "ASK"}, {"ts": 1764640250.408, "symbol": "KRW-SOL", "price": 191800.0, "size": 58.03402001, "side": "ASK"}, {"ts": 1764640250.425, "symbol": "KRW-SOL", "price": 191800.0, "size": 2.9246013, "side": "ASK"}, {"ts": 1764640250.635, "symbol": "KRW-XRP", "price": 3027.0, "size": 270.3633961, "side": "BID"}, {"ts": 1764640250.689, "symbol": "KRW-BTC", "price": 129417000.0, "size": 4.636e-05, "side": "BID"}, {"ts": 1764640251.03, "symbol": "KRW-BTC", "price": 129415000.0, "size": 0.00275827, "side": "ASK"}, {"ts": 1764640251.031, "symbol": "KRW-BTC", "price": 129415000.0, "size": 3.864e-05, "side": "ASK"}, {"ts": 1764640251.031, "symbol": "KRW-BTC", "price": 129415000.0, "size": 0.00772707, "side": "ASK"}, {"ts": 1764640251.031, "symbol": "KRW-BTC", "price": 129413000.0, "size": 0.0004, "side": "ASK"}, {"ts": 1764640251.031, "symbol": "KRW-BTC", "price": 129413000.0, "size": 0.00051749, "side": "ASK"}, {"ts": 1764640251.05, "symbol": "KRW-BTC", "price": 129417000.0, "size": 0.000772, "side": "BID"}, {"ts": 1764640251.097, "symbol": "KRW-XRP", "price": 3027.0, "size": 100.0, "side": "BID"}, {"ts": 1764640251.794, "symbol": "KRW-BTC", "price": 129413000.0, "size": 0.0002546, "side": "ASK"}, {"ts": 1764640251.796, "symbol": "KRW-BTC", "price": 129413000.0, "size": 0.0077796, "side": "ASK"}, {"ts": 1764640251.796, "symbol": "KRW-BTC", "price": 129411000.0, "size": 7.498e-05, "side": "ASK"}, {"ts": 1764640252.215, "symbol": "KRW-BTC", "price": 129417000.0, "size": 0.0007727, "side": "BID"}, {"ts": 1764640252.512, "symbol": "KRW-ETH", "price": 4183000.0, "size": 0.00131484, "side": "BID"}, {"ts": 1764640252.584, "symbol": "KRW-XRP", "price": 3026.0, "size": 237.00769456, "side": "ASK"}, {"ts": 1764640252.585, "symbol": "KRW-XRP", "price": 3026.0, "size": 3.0, "side": "ASK"}, {"ts": 1764640252.585, "symbol": "KRW-XRP", "price": 3026.0, "size": 3.67202512, "side": "ASK"}, {"ts": 1764640252.774, "symbol": "KRW-ETH", "price": 4183000.0, "size": 0.18040736, "side": "BID"}, {"ts": 1764640253.637, "symbol": "KRW-ETH", "price": 4183000.0, "size": 0.00131484, "side": "BID"}, {"ts": 1764640253.858, "symbol": "KRW-ETH", "price": 4183000.0, "size": 0.00239062, "side": "BID"}, {"ts": 1764640254.046, "symbol": "KRW-BTC", "price": 129417000.0, "size": 0.00772558, "side": "BID"}, {"ts": 1764640254.7, "symbol": "KRW-ETH", "price": 4182000.0, "size": 0.00131453, "side": "ASK"}, {"ts": 1764640254.721, "symbol": "KRW-ETH", "price": 4182000.0, "size": 0.46996225, "side": "ASK"}, {"ts": 1764640254.722, "symbol": "KRW-ETH", "price": 4182000.0, "size": 0.02700753, "side": "ASK"}, {"ts": 1764640254.722, "symbol": "KRW-ETH", "price": 4182000.0, "size": 0.08825349, "side": "ASK"}, {"ts": 1764640254.722, "symbol": "KRW-ETH", "price": 4182000.0, "size": 0.0023912, "side": "ASK"}, {"ts": 1764640254.722, "symbol": "KRW-ETH", "price": 4182000.0, "size": 0.011956, "side": "ASK"}, {"ts": 1764640254.722, "symbol": "KRW-ETH", "price": 4182000.0, "size": 0.0083692, "side": "ASK"}, {"ts": 1764640254.722, "symbol": "KRW-ETH", "price": 4182000.0, "size": 0.0036296, "side": "ASK"}, {"ts": 1764640254.722, "symbol": "KRW-ETH", "price": 4182000.0, "size": 0.3, "side": "ASK"}, {"ts": 1764640254.722, "symbol": "KRW-ETH", "price": 4182000.0, "size": 0.0071736, "side": "ASK"}, {"ts": 1764640254.722, "symbol": "KRW-ETH", "price": 4182000.0, "size": 0.005978, "side": "ASK"}, {"ts": 1764640254.723, "symbol": "KRW-ETH", "price": 4182000.0, "size": 0.023912, "side": "ASK"}, {"ts": 1764640254.723, "symbol": "KRW-ETH", "price": 4182000.0, "size": 0.02388915, "side": "ASK"}, {"ts": 1764640254.723, "symbol": "KRW-ETH", "price": 4182000.0, "size": 0.02747798, "side": "ASK"}, {"ts": 1764640255.051, "symbol": "KRW-BTC", "price": 129417000.0, "size": 0.0028, "side": "BID"}, {"ts": 1764640255.588, "symbol": "KRW-SOL", "price": 191800.0, "size": 27.34241101, "side": "ASK"}, {"ts": 1764640255.589, "symbol": "KRW-SOL", "price": 191800.0, "size": 0.60589812, "side": "ASK"}, {"ts": 1764640255.591, "symbol": "KRW-SOL", "price": 191800.0, "size": 5.0, "side": "ASK"}, {"ts": 1764640255.591, "symbol": "KRW-SOL", "price": 191800.0, "size": 0.05213764, "side": "ASK"}, {"ts": 1764640255.591, "symbol": "KRW-SOL", "price": 191800.0, "size": 22.39638909, "side": "ASK"}, {"ts": 1764640255.591, "symbol": "KRW-SOL", "price": 191800.0, "size": 2.0, "side": "ASK"}, {"ts": 1764640255.591, "symbol": "KRW-SOL", "price": 191800.0, "size": 3.29739197, "side": "ASK"}, {"ts": 1764640255.784, "symbol": "KRW-ETH", "price": 4182000.0, "size": 0.00131453, "side": "ASK"}, {"ts": 1764640256.491, "symbol": "KRW-SOL", "price": 191900.0, "size": 0.02605523, "side": "BID"}, {"ts": 1764640256.93, "symbol": "KRW-XRP", "price": 3026.0, "size": 106.32797488, "side": "ASK"}, {"ts": 1764640256.931, "symbol": "KRW-XRP", "price": 3026.0, "size": 1.98085176, "side": "ASK"}, {"ts": 1764640256.931, "symbol": "KRW-XRP", "price": 3026.0, "size": 33.06345009, "side": "ASK"}, {"ts": 1764640256.931, "symbol": "KRW-XRP", "price": 3026.0, "size": 82.39056625, "side": "ASK"}, {"ts": 1764640257.071, "symbol": "KRW-XRP", "price": 3026.0, "size": 255.20071742, "side": "ASK"}, {"ts": 1764640257.072, "symbol": "KRW-XRP", "price": 3026.0, "size": 100.0, "side": "ASK"}, {"ts": 1764640257.074, "symbol": "KRW-XRP", "price": 3026.0, "size": 49.32138136, "side": "ASK"}, {"ts": 1764640257.075, "symbol": "KRW-XRP", "price": 3026.0, "size": 60.0, "side": "ASK"}, {"ts": 1764640257.075, "symbol": "KRW-XRP", "price": 3026.0, "size": 278.74058162, "side": "ASK"}, {"ts": 1764640257.075, "symbol": "KRW-XRP", "price": 3026.0, "size": 792.8609184, "side": "ASK"}, {"ts": 1764640257.076, "symbol": "KRW-XRP", "price": 3026.0, "size": 1.74367541, "side": "ASK"}, {"ts": 1764640257.076, "symbol": "KRW-XRP", "price": 3026.0, "size": 330.46926635, "side": "ASK"}, {"ts": 1764640257.077, "symbol": "KRW-XRP", "price": 3026.0, "size": 151.57625578, "side": "ASK"}, {"ts": 1764640257.077, "symbol": "KRW-XRP", "price": 3026.0, "size": 1000.0, "side": "ASK"}, {"ts": 1764640257.077, "symbol": "KRW-XRP", "price": 3026.0, "size": 40.22276933, "side": "ASK"}, {"ts": 1764640257.078, "symbol": "KRW-XRP", "price": 3026.0, "size": 158.29890738, "side": "ASK"}, {"ts": 1764640257.078, "symbol": "KRW-XRP", "price": 3026.0, "size": 165.15205715, "side": "ASK"}, {"ts": 1764640257.078, "symbol": "KRW-XRP", "price": 3026.0, "size": 100.0, "side": "ASK"}, {"ts": 1764640257.078, "symbol": "KRW-XRP", "price": 3026.0, "size": 97.0, "side": "ASK"}, {"ts": 1764640257.078, "symbol": "KRW-XRP", "price": 3026.0, "size": 1000.0, "side": "ASK"}, {"ts": 1764640257.078, "symbol": "KRW-XRP", "price": 3026.0, "size": 1000.0, "side": "ASK"}, {"ts": 1764640257.078, "symbol": "KRW-XRP", "price": 3026.0, "size": 15.0, "side": "ASK"}, {"ts": 1764640257.078, "symbol": "KRW-XRP", "price": 3026.0, "size": 3.30469266, "side": "ASK"}, {"ts": 1764640257.078, "symbol": "KRW-XRP", "price": 3026.0, "size": 20.28331681, "side": "ASK"}, {"ts": 1764640257.078, "symbol": "KRW-XRP", "price": 3026.0, "size": 203.30977934, "side": "ASK"}, {"ts": 1764640257.078, "symbol": "KRW-XRP", "price": 3026.0, "size": 100.0, "side": "ASK"}, {"ts": 1764640257.078, "symbol": "KRW-XRP", "price": 3026.0, "size": 99.1407799, "side": "ASK"}, {"ts": 1764640257.078, "symbol": "KRW-XRP", "price": 3026.0, "size": 899.44844679, "side": "ASK"}, {"ts": 1764640257.078, "symbol": "KRW-XRP", "price": 3026.0, "size": 15.57458691, "side": "ASK"}, {"ts": 1764640257.151, "symbol": "KRW-ETH", "price": 4182000.0, "size": 0.21032752, "side": "ASK"}, {"ts": 1764640257.152, "symbol": "KRW-ETH", "price": 4182000.0, "size": 0.02389486, "side": "ASK"}, {"ts": 1764640257.153, "symbol": "KRW-ETH", "price": 4182000.0, "size": 0.00143472, "side": "ASK"}, {"ts": 1764640257.153, "symbol": "KRW-ADA", "price": 588.0, "size": 80.0, "side": "ASK"}, {"ts": 1764640257.153, "symbol": "KRW-ETH", "price": 4181000.0, "size": 1.15016278, "side": "ASK"}, {"ts": 1764640257.153, "symbol": "KRW-ETH", "price": 4181000.0, "size": 0.0012, "side": "ASK"}, {"ts": 1764640257.153, "symbol": "KRW-ETH", "price": 4181000.0, "size": 0.0012, "side": "ASK"}, {"ts": 1764640257.153, "symbol": "KRW-ETH", "price": 4181000.0, "size": 0.0012, "side": "ASK"}, {"ts": 1764640257.153, "symbol": "KRW-ETH", "price": 4181000.0, "size": 0.02723164, "side": "ASK"}, {"ts": 1764640257.153, "symbol": "KRW-ETH", "price": 4181000.0, "size": 0.00239177, "side": "ASK"}, {"ts": 1764640257.153, "symbol": "KRW-ETH", "price": 4181000.0, "size": 0.00756415, "side": "ASK"}, {"ts": 1764640257.153, "symbol": "KRW-ETH", "price": 4181000.0, "size": 0.00143506, "side": "ASK"}, {"ts": 1764640257.153, "symbol": "KRW-ETH", "price": 4181000.0, "size": 0.00200956, "side": "ASK"}, {"ts": 1764640257.153, "symbol": "KRW-ETH", "price": 4181000.0, "size": 0.11952885, "side": "ASK"}, {"ts": 1764640257.153, "symbol": "KRW-ETH", "price": 4181000.0, "size": 0.23917723, "side": "ASK"}, {"ts": 1764640257.154, "symbol": "KRW-ETH", "price": 4181000.0, "size": 0.06002889, "side": "ASK"}, {"ts": 1764640257.154, "symbol": "KRW-ETH", "price": 4181000.0, "size": 0.04783544, "side": "ASK"}, {"ts": 1764640257.154, "symbol": "KRW-ETH", "price": 4181000.0, "size": 0.07175316, "side": "ASK"}, {"ts": 1764640257.154, "symbol": "KRW-ETH", "price": 4181000.0, "size": 0.002, "side": "ASK"}, {"ts": 1764640257.154, "symbol": "KRW-ETH", "price": 4181000.0, "size": 0.01, "side": "ASK"}, {"ts": 1764640257.154, "symbol": "KRW-ETH", "price": 4181000.0, "size": 0.1, "side": "ASK"}, {"ts": 1764640257.154, "symbol": "KRW-ETH", "price": 4181000.0, "size": 0.1, "side": "ASK"}, {"ts": 1764640257.154, "symbol": "KRW-ETH", "price": 4181000.0, "size": 0.02391772, "side": "ASK"}, {"ts": 1764640257.154, "symbol": "KRW-ETH", "price": 4181000.0, "size": 0.17677288, "side": "ASK"}, {"ts": 1764640257.258, "symbol": "KRW-BTC", "price": 129411000.0, "size": 2.23e-06, "side": "ASK"}, {"ts": 1764640257.259, "symbol": "KRW-BTC", "price": 129411000.0, "size": 0.00231819, "side": "ASK"}, {"ts": 1764640257.26, "symbol": "KRW-BTC", "price": 129411000.0, "size": 0.00077273, "side": "ASK"}, {"ts": 1764640257.26, "symbol": "KRW-BTC", "price": 129411000.0, "size": 0.00780901, "side": "ASK"}, {"ts": 1764640257.26, "symbol": "KRW-BTC", "price": 129410000.0, "size": 0.001, "side": "ASK"}, {"ts": 1764640257.26, "symbol": "KRW-BTC", "price": 129409000.0, "size": 0.0049, "side": "ASK"}, {"ts": 1764640257.26, "symbol": "KRW-BTC", "price": 129408000.0, "size": 0.00015455, "side": "ASK"}, {"ts": 1764640257.26, "symbol": "KRW-BTC", "price": 129406000.0, "size": 0.001, "side": "ASK"}, {"ts": 1764640257.26, "symbol": "KRW-BTC", "price": 129406000.0, "size": 7.722e-05, "side": "ASK"}, {"ts": 1764640257.26, "symbol": "KRW-BTC", "price": 129406000.0, "size": 0.00017527, "side": "ASK"}, {"ts": 1764640257.26, "symbol": "KRW-BTC", "price": 129402000.0, "size": 4.636e-05, "side": "ASK"}, {"ts": 1764640257.26, "symbol": "KRW-BTC", "price": 129401000.0, "size": 0.00038639, "side": "ASK"}, {"ts": 1764640257.261, "symbol": "KRW-BTC", "price": 129400000.0, "size": 0.00077219, "side": "ASK"}, {"ts": 1764640257.261, "symbol": "KRW-BTC", "price": 129400000.0, "size": 7.716e-05, "side": "ASK"}, {"ts": 1764640257.261, "symbol": "KRW-BTC", "price": 129400000.0, "size": 0.00038639, "side": "ASK"}, {"ts": 1764640257.261, "symbol": "KRW-BTC", "price": 129400000.0, "size": 0.00077279, "side": "ASK"}, {"ts": 1764640257.261, "symbol": "KRW-BTC", "price": 129400000.0, "size": 7.727e-05, "side": "ASK"}, {"ts": 1764640257.261, "symbol": "KRW-BTC", "price": 129400000.0, "size": 0.0001, "side": "ASK"}, {"ts": 1764640257.261, "symbol": "KRW-BTC", "price": 129400000.0, "size": 0.0007233, "side": "ASK"}, {"ts": 1764640257.262, "symbol": "KRW-BTC", "price": 129400000.0, "size": 0.00023183, "side": "ASK"}, {"ts": 1764640257.262, "symbol": "KRW-BTC", "price": 129400000.0, "size": 7.727e-05, "side": "ASK"}, {"ts": 1764640257.262, "symbol": "KRW-BTC", "price": 129400000.0, "size": 0.00038673, "side": "ASK"}, {"ts": 1764640257.262, "symbol": "KRW-BTC", "price": 129400000.0, "size": 0.00386206, "side": "ASK"}, {"ts": 1764640257.262, "symbol": "KRW-BTC", "price": 129400000.0, "size": 0.00154559, "side": "ASK"}, {"ts": 1764640257.262, "symbol": "KRW-BTC", "price": 129400000.0, "size": 0.04965092, "side": "ASK"}, {"ts": 1764640257.262, "symbol": "KRW-BTC", "price": 129400000.0, "size": 0.0385208, "side": "ASK"}, {"ts": 1764640257.278, "symbol": "KRW-BTC", "price": 129400000.0, "size": 0.00760792, "side": "ASK"}, {"ts": 1764640257.279, "symbol": "KRW-BTC", "price": 129400000.0, "size": 0.00077279, "side": "ASK"}, {"ts": 1764640257.281, "symbol": "KRW-BTC", "price": 129400000.0, "size": 0.00184721, "side": "ASK"}, {"ts": 1764640257.281, "symbol": "KRW-BTC", "price": 129400000.0, "size": 0.0002261, "side": "ASK"}, {"ts": 1764640257.281, "symbol": "KRW-BTC", "price": 129400000.0, "size": 0.00154559, "side": "ASK"}, {"ts": 1764640257.281, "symbol": "KRW-BTC", "price": 129400000.0, "size": 7.727e-05, "side": "ASK"}, {"ts": 1764640257.282, "symbol": "KRW-BTC", "price": 129400000.0, "size": 7.727e-05, "side": "ASK"}, {"ts": 1764640257.282, "symbol": "KRW-BTC", "price": 129400000.0, "size": 7.727e-05, "side": "ASK"}, {"ts": 1764640257.282, "symbol": "KRW-BTC", "price": 129400000.0, "size": 0.00154559, "side": "ASK"}, {"ts": 1764640257.282, "symbol": "KRW-BTC", "price": 129400000.0, "size": 0.00077163, "side": "ASK"}, {"ts": 1764640257.282, "symbol": "KRW-BTC", "price": 129400000.0, "size": 0.00034496, "side": "ASK"}, {"ts": 1764640257.282, "symbol": "KRW-BTC", "price": 129400000.0, "size": 4.2e-05, "side": "ASK"}, {"ts": 1764640257.282, "symbol": "KRW-BTC", "price": 129400000.0, "size": 0.0001, "side": "ASK"}, {"ts": 1764640257.282, "symbol": "KRW-BTC", "price": 129400000.0, "size": 0.00077279, "side": "ASK"}, {"ts": 1764640257.282, "symbol": "KRW-BTC", "price": 129400000.0, "size": 3.865e-05, "side": "ASK"}, {"ts": 1764640257.282, "symbol": "KRW-BTC", "price": 129400000.0, "size": 3.871e-05, "side": "ASK"}, {"ts": 1764640257.282, "symbol": "KRW-BTC", "price": 129400000.0, "size": 7.728e-05, "side": "ASK"}, {"ts": 1764640257.283, "symbol": "KRW-BTC", "price": 129400000.0, "size": 7.727e-05, "side": "ASK"}, {"ts": 1764640257.283, "symbol": "KRW-BTC", "price": 129400000.0, "size": 3.865e-05, "side": "ASK"}, {"ts": 1764640257.283, "symbol": "KRW-BTC", "price": 129400000.0, "size": 0.01401627, "side": "ASK"}, {"ts": 1764640257.283, "symbol": "KRW-BTC", "price": 129400000.0, "size": 0.02, "side": "ASK"}, {"ts": 1764640257.283, "symbol": "KRW-BTC", "price": 129400000.0, "size": 0.0007728, "side": "ASK"}, {"ts": 1764640257.283, "symbol": "KRW-BTC", "price": 129400000.0, "size": 7.727e-05, "side": "ASK"}, {"ts": 1764640257.283, "symbol": "KRW-BTC", "price": 129400000.0, "size": 7.727e-05, "side": "ASK"}, {"ts": 1764640257.283, "symbol": "KRW-BTC", "price": 129400000.0, "size": 0.00020146, "side": "ASK"}, {"ts": 1764640257.283, "symbol": "KRW-BTC", "price": 129400000.0, "size": 0.00772412, "side": "ASK"}, {"ts": 1764640257.283, "symbol": "KRW-BTC", "price": 129400000.0, "size": 0.00654788, "side": "ASK"}, {"ts": 1764640257.283, "symbol": "KRW-BTC", "price": 129400000.0, "size": 0.0001, "side": "ASK"}, {"ts": 1764640257.283, "symbol": "KRW-BTC", "price": 129400000.0, "size": 0.00524394, "side": "ASK"}, {"ts": 1764640257.297, "symbol": "KRW-BTC", "price": 129416000.0, "size": 0.0042, "side": "BID"}, {"ts": 1764640257.394, "symbol": "KRW-XRP", "price": 3026.0, "size": 82.50846496, "side": "BID"}, {"ts": 1764640257.535, "symbol": "KRW-XRP", "price": 3026.0, "size": 9.35508459, "side": "BID"}, {"ts": 1764640257.814, "symbol": "KRW-ETH", "price": 4183000.0, "size": 0.01195314, "side": "BID"}, {"ts": 1764640258.014, "symbol": "KRW-ETH", "price": 4182000.0, "size": 0.07723906, "side": "ASK"}, {"ts": 1764640258.824, "symbol": "KRW-BTC", "price": 129416000.0, "size": 7.727e-05, "side": "BID"}, {"ts": 1764640259.75, "symbol": "KRW-BTC", "price": 129417000.0, "size": 0.00023163, "side": "BID"}, {"ts": 1764640260.086, "symbol": "KRW-XRP", "price": 3025.0, "size": 3.81140495, "side": "ASK"}, {"ts": 1764640260.087, "symbol": "KRW-XRP", "price": 3025.0, "size": 10.0, "side": "ASK"}, {"ts": 1764640260.087, "symbol": "KRW-XRP", "price": 3025.0, "size": 33.28859505, "side": "ASK"}, {"ts": 1764640260.09, "symbol": "KRW-BTC", "price": 129417000.0, "size": 0.00077269, "side": "BID"}, {"ts": 1764640260.107, "symbol": "KRW-XRP", "price": 3025.0, "size": 544.368692, "side": "ASK"}, {"ts": 1764640260.109, "symbol": "KRW-XRP", "price": 3025.0, "size": 3.30578512, "side": "ASK"}, {"ts": 1764640260.109, "symbol": "KRW-XRP", "price": 3025.0, "size": 16.52892561, "side": "ASK"}, {"ts": 1764640260.109, "symbol": "KRW-XRP", "price": 3025.0, "size": 39.83061157, "side": "ASK"}, {"ts": 1764640260.109, "symbol": "KRW-XRP", "price": 3025.0, "size": 3.29706561, "side": "ASK"}, {"ts": 1764640260.11, "symbol": "KRW-XRP", "price": 3025.0, "size": 7.67933884, "side": "ASK"}, {"ts": 1764640260.11, "symbol": "KRW-XRP", "price": 3025.0, "size": 3.386735, "side": "ASK"}, {"ts": 1764640260.11, "symbol": "KRW-XRP", "price": 3025.0, "size": 2.0, "side": "ASK"}, {"ts": 1764640260.11, "symbol": "KRW-XRP", "price": 3025.0, "size": 33.05785123, "side": "ASK"}, {"ts": 1764640260.111, "symbol": "KRW-XRP", "price": 3025.0, "size": 5.0, "side": "ASK"}, {"ts": 1764640260.111, "symbol": "KRW-XRP", "price": 3025.0, "size": 26.44628, "side": "ASK"}, {"ts": 1764640260.111, "symbol": "KRW-XRP", "price": 3025.0, "size": 50.0, "side": "ASK"}, {"ts": 1764640260.111, "symbol": "KRW-XRP", "price": 3025.0, "size": 3.30578512, "side": "ASK"}, {"ts": 1764640260.111, "symbol": "KRW-XRP", "price": 3025.0, "size": 16.52066528, "side": "ASK"}, {"ts": 1764640260.111, "symbol": "KRW-XRP", "price": 3025.0, "size": 25.22276052, "side": "ASK"}, {"ts": 1764640260.111, "symbol": "KRW-XRP", "price": 3025.0, "size": 99.17355371, "side": "ASK"}, {"ts": 1764640260.111, "symbol": "KRW-XRP", "price": 3025.0, "size": 250.0, "side": "ASK"}, {"ts": 1764640260.111, "symbol": "KRW-XRP", "price": 3025.0, "size": 3.30578512, "side": "ASK"}, {"ts": 1764640260.111, "symbol": "KRW-XRP", "price": 3025.0, "size": 132.09923963, "side": "ASK"}, {"ts": 1764640260.111, "symbol": "KRW-XRP", "price": 3025.0, "size": 100.0, "side": "ASK"}, {"ts": 1764640260.111, "symbol": "KRW-XRP", "price": 3025.0, "size": 99.17355371, "side": "ASK"}, {"ts": 1764640260.111, "symbol": "KRW-XRP", "price": 3025.0, "size": 33.05785123, "side": "ASK"}, {"ts": 1764640260.111, "symbol": "KRW-XRP", "price": 3025.0, "size": 166.38292424, "side": "ASK"}, {"ts": 1764640260.111, "symbol": "KRW-XRP", "price": 3025.0, "size": 38.66887417, "side": "ASK"}, {"ts": 1764640260.111, "symbol": "KRW-XRP", "price": 3025.0, "size": 499.00636458, "side": "ASK"}, {"ts": 1764640260.111, "symbol": "KRW-XRP", "price": 3025.0, "size": 13.91950413, "side": "ASK"}, {"ts": 1764640260.111, "symbol": "KRW-XRP", "price": 3025.0, "size": 100.0, "side": "ASK"}, {"ts": 1764640260.111, "symbol": "KRW-XRP", "price": 3025.0, "size": 5.0, "side": "ASK"}, {"ts": 1764640260.112, "symbol": "KRW-XRP", "price": 3025.0, "size": 330.0, "side": "ASK"}, {"ts": 1764640260.113, "symbol": "KRW-XRP", "price": 3025.0, "size": 491.29253864, "side": "ASK"}, {"ts": 1764640260.113, "symbol": "KRW-XRP", "price": 3025.0, "size": 3.31125828, "side": "ASK"}, {"ts": 1764640260.307, "symbol": "KRW-XRP", "price": 3025.0, "size": 942.112732, "side": "ASK"}, {"ts": 1764640260.308, "symbol": "KRW-XRP", "price": 3025.0, "size": 16.52892561, "side": "ASK"}, {"ts": 1764640260.308, "symbol": "KRW-XRP", "price": 3025.0, "size": 77.56452352, "side": "ASK"}, {"ts": 1764640260.308, "symbol": "KRW-XRP", "price": 3025.0, "size": 5.0, "side": "ASK"}, {"ts": 1764640260.308, "symbol": "KRW-XRP", "price": 3025.0, "size": 49.33801652, "side": "ASK"}, {"ts": 1764640260.308, "symbol": "KRW-XRP", "price": 3025.0, "size": 9.91735537, "side": "ASK"}, {"ts": 1764640260.308, "symbol": "KRW-XRP", "price": 3025.0, "size": 3.30578512, "side": "ASK"}, {"ts": 1764640260.308, "symbol": "KRW-XRP", "price": 3025.0, "size": 484.40955547, "side": "ASK"}, {"ts": 1764640260.425, "symbol": "KRW-ETH", "price": 4182000.0, "size": 0.0023912, "side": "BID"}, {"ts": 1764640260.426, "symbol": "KRW-ETH", "price": 4182000.0, "size": 0.0023912, "side": "BID"}, {"ts": 1764640260.426, "symbol": "KRW-ETH", "price": 4182000.0, "size": 0.0017934, "side": "BID"}, {"ts": 1764640260.426, "symbol": "KRW-ETH", "price": 4182000.0, "size": 0.002989, "side": "BID"}, {"ts": 1764640260.427, "symbol": "KRW-SOL", "price": 191800.0, "size": 0.05211047, "side": "BID"}, {"ts": 1764640260.428, "symbol": "KRW-XRP", "price": 3026.0, "size": 3.30469266, "side": "BID"}, {"ts": 1764640260.432, "symbol": "KRW-BTC", "price": 129417000.0, "size": 7.727e-05, "side": "BID"}, {"ts": 1764640260.434, "symbol": "KRW-BTC", "price": 129417000.0, "size": 9.658e-05, "side": "BID"}, {"ts": 1764640260.434, "symbol": "KRW-BTC", "price": 129417000.0, "size": 7.727e-05, "side": "BID"}, {"ts": 1764640260.434, "symbol": "KRW-BTC", "price": 129417000.0, "size": 5.795e-05, "side": "BID"}, {"ts": 1764640260.434, "symbol": "KRW-BTC", "price": 129417000.0, "size": 5.795e-05, "side": "BID"}, {"ts": 1764640260.434, "symbol": "KRW-BTC", "price": 129417000.0, "size": 3.863e-05, "side": "BID"}, {"ts": 1764640260.435, "symbol": "KRW-BTC", "price": 129417000.0, "size": 9.658e-05, "side": "BID"}, {"ts": 1764640260.435, "symbol": "KRW-BTC", "price": 129417000.0, "size": 7.727e-05, "side": "BID"}, {"ts": 1764640260.435, "symbol": "KRW-BTC", "price": 129417000.0, "size": 5.795e-05, "side": "BID"}, {"ts": 1764640260.445, "symbol": "KRW-ETH", "price": 4182000.0, "size": 0.0011956, "side": "BID"}, {"ts": 1764640260.446, "symbol": "KRW-ETH", "price": 4182000.0, "size": 0.005978, "side": "BID"}, {"ts": 1764640260.448, "symbol": "KRW-SOL", "price": 191800.0, "size": 0.05211047, "side": "BID"}, {"ts": 1764640260.454, "symbol": "KRW-BTC", "price": 129417000.0, "size": 5.795e-05, "side": "BID"}, {"ts": 1764640260.455, "symbol": "KRW-BTC", "price": 129417000.0, "size": 3.863e-05, "side": "BID"}, {"ts": 1764640260.455, "symbol": "KRW-BTC", "price": 129417000.0, "size": 7.727e-05, "side": "BID"}, {"ts": 1764640260.455, "symbol": "KRW-BTC", "price": 129417000.0, "size": 5.795e-05, "side": "BID"}, {"ts": 1764640260.455, "symbol": "KRW-BTC", "price": 129417000.0, "size": 5.795e-05, "side": "BID"}, {"ts": 1764640260.455, "symbol": "KRW-BTC", "price": 129417000.0, "size": 5.795e-05, "side": "BID"}, {"ts": 1764640260.455, "symbol": "KRW-BTC", "price": 129417000.0, "size": 7.727e-05, "side": "BID"}, {"ts": 1764640260.455, "symbol": "KRW-BTC", "price": 129417000.0, "size": 9.658e-05, "side": "BID"}, {"ts": 1764640260.455, "symbol": "KRW-BTC", "price": 129417000.0, "size": 9.658e-05, "side": "BID"}, {"ts": 1764640260.466, "symbol": "KRW-ETH", "price": 4182000.0, "size": 0.002989, "side": "BID"}, {"ts": 1764640260.467, "symbol": "KRW-ETH", "price": 4182000.0, "size": 0.0011956, "side": "BID"}, {"ts": 1764640260.467, "symbol": "KRW-ETH", "price": 4182000.0, "size": 0.0035868, "side": "BID"}, {"ts": 1764640260.467, "symbol": "KRW-XRP", "price": 3026.0, "size": 3.30469266, "side": "BID"}, {"ts": 1764640260.469, "symbol": "KRW-XRP", "price": 3026.0, "size": 4.13086582, "side": "BID"}, {"ts": 1764640260.469, "symbol": "KRW-SOL", "price": 191800.0, "size": 0.06513809, "side": "BID"}, {"ts": 1764640260.473, "symbol": "KRW-BTC", "price": 129417000.0, "size": 0.00019317, "side": "BID"}, {"ts": 1764640260.475, "symbol": "KRW-BTC", "price": 129417000.0, "size": 0.00019317, "side": "BID"}, {"ts": 1764640260.475, "symbol": "KRW-BTC", "price": 129417000.0, "size": 7.727e-05, "side": "BID"}, {"ts": 1764640260.475, "symbol": "KRW-BTC", "price": 129417000.0, "size": 7.727e-05, "side": "BID"}, {"ts": 1764640260.475, "symbol": "KRW-BTC", "price": 129417000.0, "size": 7.727e-05, "side": "BID"}, {"ts": 1764640260.476, "symbol": "KRW-BTC", "price": 129417000.0, "size": 7.727e-05, "side": "BID"}, {"ts": 1764640260.476, "symbol": "KRW-BTC", "price": 129417000.0, "size": 7.727e-05, "side": "BID"}, {"ts": 1764640260.476, "symbol": "KRW-BTC", "price": 129417000.0, "size": 0.00193175, "side": "BID"}, {"ts": 1764640260.487, "symbol": "KRW-XRP", "price": 3026.0, "size": 1.65234633, "side": "BID"}, {"ts": 1764640260.493, "symbol": "KRW-BTC", "price": 129417000.0, "size": 3.863e-05, "side": "BID"}, {"ts": 1764640260.495, "symbol": "KRW-BTC", "price": 129417000.0, "size": 7.727e-05, "side": "BID"}, {"ts": 1764640260.495, "symbol": "KRW-BTC", "price": 129417000.0, "size": 9.658e-05, "side": "BID"}, {"ts": 1764640260.495, "symbol": "KRW-BTC", "price": 129417000.0, "size": 9.658e-05, "side": "BID"}, {"ts": 1764640260.495, "symbol": "KRW-BTC", "price": 129417000.0, "size": 5.795e-05, "side": "BID"}, {"ts": 1764640260.508, "symbol": "KRW-XRP", "price": 3026.0, "size": 3.30469266, "side": "BID"}, {"ts": 1764640260.514, "symbol": "KRW-BTC", "price": 129417000.0, "size": 3.863e-05, "side": "BID"}, {"ts": 1764640260.516, "symbol": "KRW-BTC", "price": 129417000.0, "size": 9.658e-05, "side": "BID"}, {"ts": 1764640260.528, "symbol": "KRW-XRP", "price": 3025.0, "size": 1.9795447, "side": "ASK"}, {"ts": 1764640260.632, "symbol": "KRW-BTC", "price": 129417000.0, "size": 0.0001083, "side": "BID"}, {"ts": 1764640260.633, "symbol": "KRW-BTC", "price": 129421000.0, "size": 0.00375506, "side": "BID"}, {"ts": 1764640260.749, "symbol": "KRW-XRP", "price": 3025.0, "size": 419.29539961, "side": "ASK"}, {"ts": 1764640260.806, "symbol": "KRW-ETH", "price": 4182000.0, "size": 0.047824, "side": "BID"}, {"ts": 1764640260.968, "symbol": "KRW-ETH", "price": 4181000.0, "size": 0.0013, "side": "ASK"}, {"ts": 1764640261.111, "symbol": "KRW-ADA", "price": 588.0, "size": 9921.50706436, "side": "ASK"}, {"ts": 1764640261.169, "symbol": "KRW-ETH", "price": 4182000.0, "size": 0.03742202, "side": "BID"}, {"ts": 1764640261.17, "symbol": "KRW-ETH", "price": 4182000.0, "size": 0.15287798, "side": "BID"}, {"ts": 1764640261.211, "symbol": "KRW-ETH", "price": 4181000.0, "size": 0.06528002, "side": "ASK"}, {"ts": 1764640261.212, "symbol": "KRW-ETH", "price": 4181000.0, "size": 0.41342776, "side": "ASK"}, {"ts": 1764640261.212, "symbol": "KRW-ETH", "price": 4181000.0, "size": 0.05814176, "side": "ASK"}, {"ts": 1764640261.212, "symbol": "KRW-ETH", "price": 4181000.0, "size": 0.02391772, "side": "ASK"}, {"ts": 1764640261.212, "symbol": "KRW-ETH", "price": 4181000.0, "size": 0.02389486, "side": "ASK"}, {"ts": 1764640261.392, "symbol": "KRW-ETH", "price": 4181000.0, "size": 0.28600001, "side": "BID"}, {"ts": 1764640261.411, "symbol": "KRW-ETH", "price": 4181000.0, "size": 0.094, "side": "BID"}, {"ts": 1764640261.571, "symbol": "KRW-ETH", "price": 4181000.0, "size": 0.00058226, "side": "BID"}, {"ts": 1764640261.572, "symbol": "KRW-ETH", "price": 4182000.0, "size": 0.56461977, "side": "BID"}, {"ts": 1764640261.572, "symbol": "KRW-ETH", "price": 4183000.0, "size": 0.08169797, "side": "BID"}, {"ts": 1764640262.234, "symbol": "KRW-ETH", "price": 4182000.0, "size": 0.00130435, "side": "BID"}, {"ts": 1764640262.528, "symbol": "KRW-BTC", "price": 129410000.0, "size": 4.25e-05, "side": "ASK"}, {"ts": 1764640262.529, "symbol": "KRW-BTC", "price": 129400000.0, "size": 0.00059074, "side": "ASK"}, {"ts": 1764640262.815, "symbol": "KRW-ETH", "price": 4182000.0, "size": 0.00239645, "side": "BID"}, {"ts": 1764640262.859, "symbol": "KRW-XRP", "price": 3025.0, "size": 494.31550022, "side": "ASK"}, {"ts": 1764640262.86, "symbol": "KRW-XRP", "price": 3025.0, "size": 1.65322314, "side": "ASK"}, {"ts": 1764640262.86, "symbol": "KRW-XRP", "price": 3025.0, "size": 3.30578512, "side": "ASK"}, {"ts": 1764640262.86, "symbol": "KRW-XRP", "price": 3025.0, "size": 5.0, "side": "ASK"}, {"ts": 1764640262.86, "symbol": "KRW-XRP", "price": 3025.0, "size": 33.05785123, "side": "ASK"}, {"ts": 1764640262.86, "symbol": "KRW-XRP", "price": 3025.0, "size": 3.30578512, "side": "ASK"}, {"ts": 1764640262.86, "symbol": "KRW-XRP", "price": 3025.0, "size": 197.17037582, "side": "ASK"}, {"ts": 1764640263.141, "symbol": "KRW-SOL", "price": 191900.0, "size": 0.02605523, "side": "BID"}, {"ts": 1764640263.345, "symbol": "KRW-BTC", "price": 129400000.0, "size": 0.00205923, "side": "ASK"}, {"ts": 1764640263.347, "symbol": "KRW-BTC", "price": 129400000.0, "size": 7.8e-05, "side": "ASK"}, {"ts": 1764640263.347, "symbol": "KRW-BTC", "price": 129400000.0, "size": 6.08e-05, "side": "ASK"}, {"ts": 1764640263.347, "symbol": "KRW-BTC", "price": 129399000.0, "size": 7.728e-05, "side": "ASK"}, {"ts": 1764640263.347, "symbol": "KRW-BTC", "price": 129399000.0, "size": 0.00011924, "side": "ASK"}, {"ts": 1764640263.348, "symbol": "KRW-BTC", "price": 129397000.0, "size": 0.00231844, "side": "ASK"}, {"ts": 1764640263.348, "symbol": "KRW-BTC", "price": 129397000.0, "size": 0.00772678, "side": "ASK"}, {"ts": 1764640263.348, "symbol": "KRW-BTC", "price": 129397000.0, "size": 0.00128268, "side": "ASK"}, {"ts": 1764640263.348, "symbol": "KRW-BTC", "price": 129391000.0, "size": 7.718e-05, "side": "ASK"}, {"ts": 1764640263.348, "symbol": "KRW-BTC", "price": 129391000.0, "size": 6.949e-05, "side": "ASK"}, {"ts": 1764640263.348, "symbol": "KRW-BTC", "price": 129391000.0, "size": 0.01467683, "side": "ASK"}, {"ts": 1764640263.348, "symbol": "KRW-BTC", "price": 129391000.0, "size": 0.00579645, "side": "ASK"}, {"ts": 1764640263.348, "symbol": "KRW-BTC", "price": 129391000.0, "size": 7.728e-05, "side": "ASK"}, {"ts": 1764640263.349, "symbol": "KRW-BTC", "price": 129390000.0, "size": 0.00386428, "side": "ASK"}, {"ts": 1764640263.349, "symbol": "KRW-BTC", "price": 129390000.0, "size": 0.00571513, "side": "ASK"}, {"ts": 1764640263.349, "symbol": "KRW-BTC", "price": 129390000.0, "size": 3.865e-05, "side": "ASK"}, {"ts": 1764640263.349, "symbol": "KRW-BTC", "price": 129389000.0, "size": 0.00231858, "side": "ASK"}, {"ts": 1764640263.349, "symbol": "KRW-BTC", "price": 129389000.0, "size": 0.00077286, "side": "ASK"}, {"ts": 1764640263.349, "symbol": "KRW-BTC", "price": 129389000.0, "size": 7.728e-05, "side": "ASK"}, {"ts": 1764640263.349, "symbol": "KRW-BTC", "price": 129389000.0, "size": 0.002, "side": "ASK"}, {"ts": 1764640263.351, "symbol": "KRW-BTC", "price": 129389000.0, "size": 7.728e-05, "side": "ASK"}, {"ts": 1764640263.351, "symbol": "KRW-BTC", "price": 129389000.0, "size": 0.00077286, "side": "ASK"}, {"ts": 1764640263.351, "symbol": "KRW-BTC", "price": 129389000.0, "size": 0.001, "side": "ASK"}, {"ts": 1764640263.351, "symbol": "KRW-BTC", "price": 129385000.0, "size": 0.01545774, "side": "ASK"}, {"ts": 1764640263.351, "symbol": "KRW-BTC", "price": 129385000.0, "size": 0.00264644, "side": "ASK"}, {"ts": 1764640263.352, "symbol": "KRW-BTC", "price": 129385000.0, "size": 0.00108596, "side": "ASK"}, {"ts": 1764640263.352, "symbol": "KRW-BTC", "price": 129385000.0, "size": 0.00197395, "side": "ASK"}, {"ts": 1764640263.352, "symbol": "KRW-BTC", "price": 129385000.0, "size": 0.00038644, "side": "ASK"}, {"ts": 1764640263.352, "symbol": "KRW-BTC", "price": 129385000.0, "size": 0.00021665, "side": "ASK"}, {"ts": 1764640263.352, "symbol": "KRW-BTC", "price": 129385000.0, "size": 7.728e-05, "side": "ASK"}, {"ts": 1764640263.352, "symbol": "KRW-BTC", "price": 129385000.0, "size": 0.00439064, "side": "ASK"}, {"ts": 1764640263.438, "symbol": "KRW-ETH", "price": 4181000.0, "size": 0.02112657, "side": "ASK"}, {"ts": 1764640263.567, "symbol": "KRW-BTC", "price": 129417000.0, "size": 0.0007721, "side": "BID"}, {"ts": 1764640263.621, "symbol": "KRW-XRP", "price": 3025.0, "size": 1452.99464068, "side": "ASK"}, {"ts": 1764640263.622, "symbol": "KRW-XRP", "price": 3025.0, "size": 3.30578512, "side": "ASK"}, {"ts": 1764640263.623, "symbol": "KRW-XRP", "price": 3025.0, "size": 1.66, "side": "ASK"}, {"ts": 1764640263.625, "symbol": "KRW-XRP", "price": 3025.0, "size": 3.30578512, "side": "ASK"}, {"ts": 1764640263.625, "symbol": "KRW-XRP", "price": 3025.0, "size": 3.30578512, "side": "ASK"}, {"ts": 1764640263.625, "symbol": "KRW-XRP", "price": 3025.0, "size": 10.0, "side": "ASK"}, {"ts": 1764640263.625, "symbol": "KRW-XRP", "price": 3025.0, "size": 20.0, "side": "ASK"}, {"ts": 1764640263.626, "symbol": "KRW-XRP", "price": 3025.0, "size": 146.52491612, "side": "ASK"}, {"ts": 1764640263.702, "symbol": "KRW-ETH", "price": 4181000.0, "size": 1.98687776, "side": "BID"}, {"ts": 1764640263.703, "symbol": "KRW-ETH", "price": 4182000.0, "size": 0.9962992, "side": "BID"}, {"ts": 1764640263.703, "symbol": "KRW-ETH", "price": 4183000.0, "size": 0.39442304, "side": "BID"}, {"ts": 1764640264.323, "symbol": "KRW-ETH", "price": 4181000.0, "size": 0.47823373, "side": "ASK"}, {"ts": 1764640264.411, "symbol": "KRW-BTC", "price": 129417000.0, "size": 0.00154539, "side": "BID"}, {"ts": 1764640264.565, "symbol": "KRW-ETH", "price": 4181000.0, "size": 1.36864248, "side": "BID"}, {"ts": 1764640264.566, "symbol": "KRW-ETH", "price": 4183000.0, "size": 0.95795752, "side": "BID"}, {"ts": 1764640264.571, "symbol": "KRW-BTC", "price": 129417000.0, "size": 0.00154663, "side": "BID"}, {"ts": 1764640265.034, "symbol": "KRW-BTC", "price": 129400000.0, "size": 7.647e-05, "side": "BID"}, {"ts": 1764640265.235, "symbol": "KRW-BTC", "price": 129400000.0, "size": 0.00735474, "side": "BID"}, {"ts": 1764640265.376, "symbol": "KRW-BTC", "price": 129400000.0, "size": 0.00013346, "side": "BID"}, {"ts": 1764640265.388, "symbol": "KRW-ETH", "price": 4181000.0, "size": 0.011956, "side": "ASK"}, {"ts": 1764640265.389, "symbol": "KRW-ETH", "price": 4180000.0, "size": 0.02392344, "side": "ASK"}, {"ts": 1764640265.389, "symbol": "KRW-ETH", "price": 4180000.0, "size": 0.01859261, "side": "ASK"}, {"ts": 1764640265.389, "symbol": "KRW-ETH", "price": 4180000.0, "size": 0.02392345, "side": "ASK"}, {"ts": 1764640265.389, "symbol": "KRW-ETH", "price": 4180000.0, "size": 0.04784688, "side": "ASK"}, {"ts": 1764640265.389, "symbol": "KRW-ETH", "price": 4180000.0, "size": 0.01, "side": "ASK"}, {"ts": 1764640265.389, "symbol": "KRW-ETH", "price": 4180000.0, "size": 0.01196172, "side": "ASK"}, {"ts": 1764640265.389, "symbol": "KRW-ETH", "price": 4180000.0, "size": 0.01194976, "side": "ASK"}, {"ts": 1764640265.389, "symbol": "KRW-ETH", "price": 4180000.0, "size": 0.11961722, "side": "ASK"}, {"ts": 1764640265.389, "symbol": "KRW-ETH", "price": 4180000.0, "size": 0.00242988, "side": "ASK"}, {"ts": 1764640265.389, "symbol": "KRW-ETH", "price": 4180000.0, "size": 0.00239234, "side": "ASK"}, {"ts": 1764640265.39, "symbol": "KRW-ETH", "price": 4180000.0, "size": 0.00239234, "side": "ASK"}, {"ts": 1764640265.39, "symbol": "KRW-ETH", "price": 4180000.0, "size": 0.02387204, "side": "ASK"}, {"ts": 1764640265.39, "symbol": "KRW-ETH", "price": 4180000.0, "size": 0.01196172, "side": "ASK"}, {"ts": 1764640265.39, "symbol": "KRW-ETH", "price": 4180000.0, "size": 0.01196172, "side": "ASK"}, {"ts": 1764640265.39, "symbol": "KRW-ETH", "price": 4180000.0, "size": 0.00119641, "side": "ASK"}, {"ts": 1764640265.39, "symbol": "KRW-ETH", "price": 4180000.0, "size": 0.23923444, "side": "ASK"}, {"ts": 1764640265.39, "symbol": "KRW-ETH", "price": 4180000.0, "size": 0.01196172, "side": "ASK"}, {"ts": 1764640265.39, "symbol": "KRW-ETH", "price": 4180000.0, "size": 0.24705687, "side": "ASK"}, {"ts": 1764640265.39, "symbol": "KRW-ETH", "price": 4180000.0, "size": 0.04784689, "side": "ASK"}, {"ts": 1764640265.39, "symbol": "KRW-ETH", "price": 4180000.0, "size": 0.02392344, "side": "ASK"}, {"ts": 1764640265.39, "symbol": "KRW-ETH", "price": 4180000.0, "size": 0.02383016, "side": "ASK"}, {"ts": 1764640265.391, "symbol": "KRW-ETH", "price": 4180000.0, "size": 0.003, "side": "ASK"}, {"ts": 1764640265.392, "symbol": "KRW-ETH", "price": 4180000.0, "size": 0.23911537, "side": "ASK"}, {"ts": 1764640265.392, "symbol": "KRW-ETH", "price": 4180000.0, "size": 0.00119641, "side": "ASK"}, {"ts": 1764640265.392, "symbol": "KRW-ETH", "price": 4180000.0, "size": 0.00627912, "side": "ASK"}, {"ts": 1764640265.407, "symbol": "KRW-ETH", "price": 4180000.0, "size": 0.03197888, "side": "ASK"}, {"ts": 1764640265.409, "symbol": "KRW-ETH", "price": 4180000.0, "size": 0.1, "side": "ASK"}, {"ts": 1764640265.409, "symbol": "KRW-ETH", "price": 4180000.0, "size": 0.00265789, "side": "ASK"}, {"ts": 1764640265.41, "symbol": "KRW-ETH", "price": 4180000.0, "size": 0.00717703, "side": "ASK"}, {"ts": 1764640265.41, "symbol": "KRW-ETH", "price": 4180000.0, "size": 0.07127583, "side": "ASK"}, {"ts": 1764640265.41, "symbol": "KRW-ETH", "price": 4180000.0, "size": 0.00239234, "side": "ASK"}, {"ts": 1764640265.41, "symbol": "KRW-ETH", "price": 4180000.0, "size": 0.02375248, "side": "ASK"}, {"ts": 1764640265.41, "symbol": "KRW-ETH", "price": 4180000.0, "size": 0.21514989, "side": "ASK"}, {"ts": 1764640265.41, "symbol": "KRW-ETH", "price": 4180000.0, "size": 0.00119736, "side": "ASK"}, {"ts": 1764640265.41, "symbol": "KRW-ETH", "price": 4180000.0, "size": 0.0014354, "side": "ASK"}, {"ts": 1764640265.41, "symbol": "KRW-ETH", "price": 4180000.0, "size": 0.00239234, "side": "ASK"}, {"ts": 1764640265.41, "symbol": "KRW-ETH", "price": 4180000.0, "size": 0.02392344, "side": "ASK"}, {"ts": 1764640265.41, "symbol": "KRW-ETH", "price": 4180000.0, "size": 1.79395947, "side": "ASK"}, {"ts": 1764640265.41, "symbol": "KRW-ETH", "price": 4180000.0, "size": 0.07177033, "side": "ASK"}, {"ts": 1764640265.41, "symbol": "KRW-ETH", "price": 4180000.0, "size": 0.01, "side": "ASK"}, {"ts": 1764640265.41, "symbol": "KRW-ETH", "price": 4180000.0, "size": 0.00239234, "side": "ASK"}, {"ts": 1764640265.41, "symbol": "KRW-ETH", "price": 4180000.0, "size": 0.23923444, "side": "ASK"}, {"ts": 1764640265.41, "symbol": "KRW-ETH", "price": 4180000.0, "size": 0.3, "side": "ASK"}, {"ts": 1764640265.41, "symbol": "KRW-ETH", "price": 4180000.0, "size": 0.002, "side": "ASK"}, {"ts": 1764640265.41, "symbol": "KRW-ETH", "price": 4180000.0, "size": 0.23923444, "side": "ASK"}, {"ts": 1764640265.411, "symbol": "KRW-ETH", "price": 4180000.0, "size": 0.00478468, "side": "ASK"}, {"ts": 1764640265.411, "symbol": "KRW-ETH", "price": 4180000.0, "size": 0.10993945, "side": "ASK"}, {"ts": 1764640265.411, "symbol": "KRW-ETH", "price": 4180000.0, "size": 0.15532259, "side": "ASK"}, {"ts": 1764640265.411, "symbol": "KRW-ETH", "price": 4180000.0, "size": 0.08391185, "side": "ASK"}, {"ts": 1764640265.412, "symbol": "KRW-ETH", "price": 4180000.0, "size": 1.0, "side": "ASK"}, {"ts": 1764640265.412, "symbol": "KRW-ETH", "price": 4180000.0, "size": 0.01, "side": "ASK"}, {"ts": 1764640265.412, "symbol": "KRW-ETH", "price": 4180000.0, "size": 0.00129743, "side": "ASK"}, {"ts": 1764640265.412, "symbol": "KRW-ETH", "price": 4180000.0, "size": 0.11961722, "side": "ASK"}, {"ts": 1764640265.413, "symbol": "KRW-ETH", "price": 4180000.0, "size": 0.05, "side": "ASK"}, {"ts": 1764640265.413, "symbol": "KRW-ETH", "price": 4180000.0, "size": 0.00478468, "side": "ASK"}, {"ts": 1764640265.413, "symbol": "KRW-ETH", "price": 4180000.0, "size": 0.03587918, "side": "ASK"}, {"ts": 1764640265.413, "symbol": "KRW-ETH", "price": 4180000.0, "size": 0.00226387, "side": "ASK"}, {"ts": 1764640265.413, "symbol": "KRW-ETH", "price": 4180000.0, "size": 1.0, "side": "ASK"}, {"ts": 1764640265.414, "symbol": "KRW-ETH", "price": 4180000.0, "size": 0.02392344, "side": "ASK"}, {"ts": 1764640265.414, "symbol": "KRW-ETH", "price": 4180000.0, "size": 0.02389486, "side": "ASK"}, {"ts": 1764640265.414, "symbol": "KRW-ETH", "price": 4180000.0, "size": 0.11716629, "side": "ASK"}, {"ts": 1764640265.414, "symbol": "KRW-ETH", "price": 4180000.0, "size": 0.03894495, "side": "ASK"}, {"ts": 1764640265.414, "symbol": "KRW-ETH", "price": 4180000.0, "size": 0.7636, "side": "ASK"}, {"ts": 1764640265.529, "symbol": "KRW-ETH", "price": 4180000.0, "size": 0.254, "side": "BID"}, {"ts": 1764640265.589, "symbol": "KRW-ETH", "price": 4180000.0, "size": 1.662e-05, "side": "BID"}, {"ts": 1764640265.59, "symbol": "KRW-ETH", "price": 4180000.0, "size": 0.11898338, "side": "BID"}, {"ts": 1764640265.591, "symbol": "KRW-ETH", "price": 4180000.0, "size": 0.83294427, "side": "BID"}